2556 4150
564 121 769 188 -c4..

63 361 66 366 ι
167 284 243 352 inde
266 285 385 351 ostium
409 287 571 366 cernitur,
608 298 641 351 et
669 296 751 354 tunc
772 286 902 352 demum
925 285 1055 354 occulta
1083 287 1163 354 abo·

165 383 303 448 minatio
325 381 587 466 demonstratum
618 385 699 471 quia
720 385 876 450 nimirum
897 387 1164 475 uniuscujusque

125 499 129 506 “
163 483 293 570 peccati
313 483 405 569 prius
428 483 525 566 signa
544 482 744 564 forinsecus,
759 482 879 550 deinde
902 485 1011 572 janua
1023 494 1163 571 apertae

166 581 355 668 iniquitatis
380 581 578 662 ostenditur,
602 589 635 646 et
655 591 737 646 tunc
758 581 890 670 demum
913 606 1007 649 omne
1025 582 1162 666 malum,

166 679 257 765 quod
280 681 369 745 intus
392 679 494 761 latet,
517 682 676 766 aperitur.

227 777 392 846 Nonnulla
414 786 525 844 autem
548 791 626 848 sunt
648 780 769 848 leniter
786 781 973 864 arguenda3
997 803 1073 846 nam
1088 805 1163 850 cum

164 901 230 944 non
252 877 396 960 malitia,
420 876 477 941 sed
501 876 573 943 sola
596 881 789 964 ignorantia
810 879 864 945 vel
889 881 1081 947 infirmitate
1104 880 1161 944 dc·

166 975 346 1064 linquitur,
377 976 524 1062 profecto
547 1000 684 1044 necesse
706 989 775 1064 est,
806 989 844 1046 ut
865 1002 986 1064 magno
1007 977 1160 1046 modera-

165 1078 253 1141 minc
266 1077 342 1162 ipsa
354 1074 465 1141 delicti
479 1079 643 1165 correptio
654 1088 864 1167 temperetur.
889 1078 1011 1146 Cuncti
1023 1080 1160 1166 quippe,

167 1196 340 1261 quousque
362 1177 396 1239 in
418 1173 482 1240 hac
502 1175 634 1241 mortali
655 1199 754 1244 carne
775 1178 1000 1258 subsistimus,
1023 1199 1160 1264 corrup·

165 1275 267 1341 tionis
287 1283 424 1339 nostrae
445 1272 690 1342 infirmitatibus
709 1276 929 1365 subjacemus.
962 1277 1016 1340 Ex
1032 1299 1068 1342 se
1082 1297 1159 1360 ergo
1249 1287 1251 1290 '

167 1372 267 1436 debet
286 1373 427 1458 quisquc
445 1371 624 1458 colligere,
649 1374 795 1461 qualiter
810 1376 940 1442 alienae
955 1375 1045 1441 hunc
1062 1396 1158 1460 opor·

165 1478 237 1562 teat
271 1469 493 1537 imbecillitati
520 1473 683 1555 misereri,
720 1497 762 1540 ne
794 1482 909 1541 contra
936 1475 1160 1540 infirmitatem

166 1568 309 1656 proximi
316 1617 326 1651 ,
357 1572 386 1634 si
407 1571 451 1636 ad
471 1571 711 1657 increpationis
732 1594 845 1638 vocem
865 1573 1050 1639 ferventius
1071 1574 1155 1660 rapi·

165 1677 237 1749 tur,
270 1668 393 1763 oblitus
424 1671 476 1737 sui
506 1691 578 1736 esse
599 1669 764 1735 videatur.
807 1670 904 1736 Unde
926 1671 1011 1736 benc
1033 1671 1160 1736 Paulus

167 1767 340 1850 admonet,
380 1771 512 1836 diceus:
561 1769 602 1836 si
639 1779 992 1856 praeoccupatus
1029 1769 1163 1836 fuerit

165 1863 506 1955 homoin‘aliquo
530 1866 710 1951 delicto,
734 1890 822 1948 vos,
855 1867 928 1953 qui
950 1869 1162 1955 spiritua-

165 1963 229 2032 les
252 1969 383 2049 estis,
418 1968 626 2034 instruite
647 1963 897 2033 huiusmodi
924 1967 967 2031 in
996 1966 1161 2052 spiritu

165 2066 534 2151 mansuetudinis,
557 2064 847 2134 considerans
883 2066 1078 2154 teipsum,
1111 2087 1158 2129 nc

165 2179 206 2234 et
227 2177 270 2234 tu
301 2168 497 2233 tenteris.
523 2166 548 2257 ¹)
591 2167 641 2232 Ac
662 2167 691 2232 si
712 2176 827 2254 aperte
851 2167 954 2232 dicat:
985 2163 1068 2232 Cum
1095 2161 1157 2226 dis·

166 2268 273 2354 plicet
298 2291 340 2333 cx
362 2266 474 2332 aliona
495 2267 704 2349 infirmitate,
727 2264 815 2351 quod
837 2266 1020 2352 conspicis,
1043 2284 1158 2350 pensa,

165 2367 254 2451 quod
277 2389 330 2449 es3
351 2375 389 2431 ut
410 2368 447 2432 in
467 2367 707 2451 increpationis
728 2364 800 2430 zelo
823 2386 858 2430 sc
881 2366 1018 2452 spiritus
1038 2374 1159 2448 tempe·

164 2475 232 2546 ret,
257 2465 334 2529 dum
357 2465 424 2530 sibi
445 2486 595 2550 quoque,
622 2465 711 2550 quod
732 2464 902 2550 increpat,
925 2464 1028 2529 timet.

227 2562 397 2630 Nonnulla
419 2573 530 2628 autem
554 2572 633 2628 sunt
653 2561 865 2629 vehementer
882 2559 1098 2648 increpanda,
1123 2570 1161 2624 ut

165 2683 240 2730 cum
262 2662 364 2749 culpa
384 2660 428 2728 ab
458 2673 594 2728 auctore
617 2683 683 2726 non
713 2664 942 2748 cognoscitur,
977 2661 1095 2748 quanti
1118 2659 1160 2724 sit

164 2761 339 2849 ponderis,
362 2762 405 2829 ab
428 2762 634 2848 increpantis
657 2783 713 2826 ore
735 2763 908 2838 sentiatur.
945 2759 990 2826 Et
1008 2783 1082 2826 cum
1095 2757 1159 2824 sibi

166 2864 241 2946 quis
263 2862 403 2944 malum,
430 2860 519 2948 quod
541 2861 757 2948 perpetravit,
780 2860 941 2946 laevigat,
964 2858 1028 2925 hoc
1042 2868 1159 2926 contra

167 2983 202 3040 se
224 2962 373 3046 graviter
396 2982 438 3026 ex
459 2961 667 3047 corripientis
690 2961 869 3047 asperitate
891 2960 1111 3047 pertimescat
1131 2954 1158 3044 2)

203 3160 221 3220 ¹)
245 3155 331 3212 Galat.
350 3158 378 3226 6,
398 3158 422 3212 1.
442 3187 474 3196 -
510 3156 529 3221 ²)
547 3158 614 3226 Apte
632 3133 753 3226 perquam
777 3157 810 3208 ad
834 3170 887 3208 rem
910 3157 1015 3208 'Pacilus
1033 3135 1159 3222 (Agricol.

234 3257 291 3310 cap.
310 3241 361 3305 19.)
380 3242 489 3310 „Omnia
508 3242 590 3308 sciro,
616 3242 716 3310 inquit,
741 3255 791 3294 non
820 3241 906 3294 omnia
923 3241 1042 3310 exsequi:
1070 3239 1160 3308 parvis

235 3329 347 3397 peccatis
365 3327 483 3393 veniam,
501 3327 604 3396 magnis
624 3329 787 3382 severitatem
812 3323 985 3401 commodare:
1013 3337 1067 3392 uec¹
1077 3337 1160 3393 poena

236 3429 351 3484 semper,
371 3416 416 3469 ssd
434 3415 540 3484 saepius
556 3413 713 3483 poenitentia
729 3417 864 3466 contentus
881 3409 965 3466 esse.“
999 3411 1033 3466 Et
1049 3408 1160 3465 Mal-

236 3502 331 3555 Iustius
350 3501 479 3572 (Iugurth.
498 3515 554 3570 cap.
572 3499 625 3564 31.)
652 3501 778 3569 ”Impune
796 3498 925 3569 quaelibet
942 3498 1044 3562 facere,
1069 3496 1096 3549 id
1121 3500 1161 3549 est

236 3587 332 3657 Regem
343 3602 401 3644 csse
493 3573 669 3655 ctiguoscerc
681 3581 1161 3660 malistdestbonosperditumirc.“
