2520 4152
554 167 782 234 ...192-

167 337 346 409 lsn'miliere
367 335 555 401 conterruit.
591 329 760 414 Qui'vero
782 343 923 420 peecata
940 335 1011 424 jem
1027 335 1174 423 deserit,

169 459 232 504 nec
250 445 362 502 tamen
382 434 524 522 plangit,
541 436 613 521 jam
636 434 768 521 quidem
788 433 949 518 humiliat,
976 433 1035 501 sed
1050 444 1169 502 temen

169 558 228 609 cor
248 546 418 601 conterere
438 542 579 599 recusat.
623 533 712 599 Hinc
734 533 859 598 Paulus
884 535 946 599 ait:
977 533 1027 600 Et
1058 533 1172 601 haec

170 635 334 724 quidem
351 633 516 699 fuistis:
538 632 609 697 sed
625 630 761 698 abluti
777 633 986 714 estis,scd
1004 625 1166 699 sancti·

167 733 297 800 ficati
329 734 443 799 estis.
469 733 493 817 ¹)
544 730 634 812 Quia
665 732 820 798 nimirum
849 731 927 798 illos
956 731 1168 800 emendatior

167 833 240 900 vita
261 833 464 913 sanctificat,
498 853 580 918 quos
602 854 663 918 per
683 833 919 918 poenitentiam
947 829 1088 896 abluens
1113 831 1169 896 af·
1240 916 1241 923 ἵ

168 931 270 998 flictio
290 931 427 998 fletuum
449 931 596 998 mundat.
636 930 726 996 Hinc
748 931 885 1015 Petrus,
908 953 981 996 cum
1003 929 1173 1016 quosdam

169 1031 301 1097 territos
322 1027 481 1094 malorum
504 1051 636 1094 suorum
657 1027 919 1096 consideratione
942 1029 1173 1117 conspiceret,

141 1155 142 1158 ¹
169 1121 344 1197 admonuit
365 1128 494 1193 dicens:
525 1127 843 1196 Poenitentiam
871 1131 1010 1214 agite,¹
1029 1138 1070 1194 et
1095 1127 1170 1193 ba·

169 1229 363 1316 ptinctur
385 1228 685 1312 unusquisque
713 1237 909 1295 vostrum.
932 1229 959 1314 ²)
1001 1227 1171 1296 Dicturus
1241 1299 1242 1306 χ

169 1328 257 1393 enim
284 1325 460 1412 baptisma,
487 1327 661 1412 praemisit
686 1328 910 1412 poenitentiae
939 1328 1105 1409 lamenta3
1126 1337 1173 1394 ut

167 1427 261 1512 prius
283 1445 318 1488 ee
341 1445 430 1508 aqua
453 1446 533 1490 suae
556 1426 748 1492 afflictionis
769 1425 1004 1510 infunderent,
1028 1434 1169 1512 etpost·
1241 1501 1242 1504 Ἴ

166 1523 300 1589 modum
329 1531 538 1590 sacramento
561 1525 770 1610 baptismatis
793 1525 955 1590 lavarent
999 1522 1077 1604 Qua
1099 1524 1167 1609 igi-

165 1631 222 1690 tur
242 1632 373 1704 mente,
399 1625 456 1710 qui
476 1633 665 1690 transactas
681 1623 891 1712 culpasllere'
903 1623 1091 1708 negligunt,
1112 1626 1163 1690 ri-

167 1731 252 1789 vunt
274 1723 384 1790 securi
404 1722 445 1788 de
468 1725 584 1807 venia,
600 1751 603 1759 ⁴
617 1725 751 1811 quando
779 1726 851 1812 ipsc
878 1733 1024 1789 summus
1046 1723 1163 1788 Pastor

168 1821 342 1888 Ecclesiae
364 1822 443 1888 huic
474 1823 573 1888 etiam
595 1821 812 1890 Sacramento
843 1821 1029 1888 addendam
1050 1825 1168 1904 poeni-

167 1922 306 1988 tentiam
327 1922 497 2004 credidit,
534 1922 623 2010 quod
658 1932 818 2010 peccata,
843 1921 1074 2010 principaliter
1109 1945 1169 1988 ex·

168 2017 317 2104 tinguit?
384 2045 388 2050 ·
457 2059 458 2062 =
896 2017 900 2024 “

378 2145 381 2151 “
481 2137 680 2204 CAPUT
712 2139 843 2204 XXXI.

170 2273 345 2340 Quomodo
369 2273 592 2338 admonendi,
628 2267 689 2342 qui
715 2273 878 2337 illicita,
906 2283 1049 2338 quorum
1082 2280 1175 2324 sunt

204 2360 357 2424 conscii,
375 2357 530 2425 laudant,
550 2365 581 2410 et
605 2359 666 2424 qni
684 2357 971 2418 condemnantes,
989 2349 1128 2404 minime

529 2449 639 2494 temen
660 2445 795 2494 'cavent

228 2558 335 2624 Aliter
358 2555 554 2624 admonendi
583 2566 678 2636 sunt,
703 2557 761 2642 qui
782 2552 904 2619 illicita
935 2575 1021 2642 quae
1035 2553 1170 2622 faciunt

167 2657 265 2723 etiam
287 2655 441 2738 laudant;
463 2665 564 2742 atque
583 2653 694 2737 aliter,
719 2655 777 2742 qui
790 2665 950 2721 accusant
963 2675 1079 2742 prava,
1101 2677 1167 2719 nec

166 2766 278 2822 tamen
300 2755 460 2822 devitant.
504 2753 716 2820 Admonendi
737 2763 815 2821 sunt
836 2756 941 2830 enim,
966 2755 1025 2840 qui
1043 2752 1170 2818 illicita.

168 2877 255 2944 quae
275 2854 406 2921 faciunt
440 2850 540 2916 etiam
560 2852 718 2937 laudant,
754 2865 791 2919 ut
813 2851 1041 2935 considerent,
1075 2851 1171 2940 quod.

141 2955 145 2963 ’
166 2949 363 3044 plerumque
385 2951 461 3038 plus
482 2973 539 3018 ore
563 2975 662 3040 quam
680 2952 779 3040 opcr'e
796 2951 1005 3040 delinquant.
1050 2951 1167 3039 Opere

167 3075 311 3141 namque
334 3055 612 3140 persemetipsos
635 3052 721 3118 solos
744 3072 852 3139 prava
877 3064 1085 3140 perpetrant3
1108 3073 1174 3118 ore

166 3143 279 3220 autem
300 3174 360 3240 per
381 3159 429 3218 tot
451 3174 612 3240 personas
634 3153 845 3246 iniquitatem
874 3150 1049 3234 exhibent,
1083 3161 1169 3237 quot

150 3251 370 3338 audientium
394 3261 522 3318 mentes
544 3252 660 3339 iniqua
682 3249 861 3316 laudantes
880 3250 1008 3317 doc'ent.
1038 3249 1166 3315 Admo-
1241 3339 1242 3342 Ἴ

165 3349 268 3443 pendi
290 3374 370 3438 ergo
393 3363 481 3434 sunt,
510 3361 547 3420 ut
578 3351 607 3416 si
627 3350 798 3445 eradicare
826 3349 916 3415 mala
938 3348 1165 3432 dissimulant,
1241 3349 1242 3354 ’

167 3448 285 3517 saltem
307 3451 471 3530 seminare
492 3452 734 3538 pertimescant.
777 3445 987 3516 Admonendi
1005 3456 1100 3532 sunt,
1124 3455 1173 3514 ut·

196 3624 220 3698 Ι)
237 3631 262 3684 1.
282 3628 340 3686 cor.
359 3627 384 3698 e,
402 3629 444 3684 11.
464 3655 494 3670 -
513 3626 613 3698 unc.
630 3629 659 3699 a,
677 3625 739 3684 sa·
798 3628 802 3638 ·
