2556 4150
242 95 246 107 ¹
269 103 276 112 ι
367 102 374 115 .
432 113 437 116 ,
519 97 528 110 ο
560 103 564 110 .

198 118 202 127 “
235 122 243 135 “
272 131 281 146 ι
371 135 378 148 ι
399 138 402 145 r
432 123 464 152 ,,’
484 123 502 152 εἴ
557 130 565 148 ⁴

238 153 268 174 Δι
379 164 384 178 g
433 153 472 202 '¹⁸'
492 157 525 200 ,ιζ
556 159 563 175 1

382 196 388 206 Ι
431 202 463 214 Δ.
492 206 499 222 ’
527 190 561 233 ιι,
585 219 624 231 -
667 180 689 242 4
732 217 770 231 -

145 249 153 263 0

138 277 146 291 1
238 265 257 307 ,4,
303 267 411 304 ''us-m
482 290 489 306 0
567 279 590 304 ί1
768 272 776 296 Ι

9 329 10 362 l
122 309 226 426 ul
240 314 411 444 er‘i‘ae'c‘j
426 324 643 446 ²qdlfvaeal,
676 354 813 425 incaute
837 373 914 460 non
940 363 1099 449 expetat3
1137 362 1175 424 el

177 472 234 564 qui
260 473 395 554 incaute
415 471 578 566 expetiit,
604 469 762 565 adeptum
782 490 821 540 se
841 489 920 540 esse
941 472 1169 564 pertimescat.

178 584 444 682 Quadripertita·
459 607 546 658 vcro
579 586 806 681 disputatione
839 583 927 658 liber
959 588 1025 657 iste
1050 586 1172 660 distin-

177 703 292 796 guitur
306 698 354 797 ¹),
372 713 410 774 ιιι
423 702 466 774 ad
477 702 616 774 lectoris
630 703 682 775 sui
697 704 843 774 animum
856 701 1020 776 ordinatis
1037 702 1171 796 allega·
1199 707 1204 716 '

176 816 326 893 tionibus
351 817 661 913 quasiquibusdam
688 815 843 913 passibus
861 818 1046 910 gradiatur.
1085 818 1170 892 Nam

176 955 378 1008 cumrerum
391 937 582 1006 necessitas
595 937 763 1030 exposcit,
772 934 983 1029 pensandum
994 933 1095 1007 valde
1106 947 1173 1027 cst,

176 1052 218 1123 ad
236 1053 370 1124 culmen
389 1052 532 1145 quisque
552 1053 727 1144 regiminis
751 1051 896 1146 qualiter
909 1054 1046 1141 veniat3
1069 1063 1173 1147 atquc

175 1167 218 1240 ad
240 1165 305 1240 boc
326 1169 391 1239 rite
410 1167 620 1260 perveniens
648 1167 793 1260 qualiter
812 1171 929 1260 vivat,
953 1167 1090 1242 etbene
1113 1171 1172 1240 vi-

174 1306 262 1356 vens
287 1281 433 1377 qualiter
456 1280 590 1376 doceat,
611 1293 649 1354 ct
674 1292 770 1354 recte
791 1283 919 1356 docens
941 1283 1170 1358 infirmitatem

174 1421 269 1474 suam
284 1398 435 1493 quotidie
452 1408 575 1494 quanta
591 1399 866 1472 consideratione
893 1413 1100 1494 cognoscat,
1126 1424 1173 1480 ne

175 1525 233 1587 aut
249 1507 418 1588 humilitas
435 1536 611 1588 aceessum
627 1515 757 1608 fugiat,
783 1526 841 1587 aut
861 1521 1080 1612 perventioni
1100 1520 1172 1590 vita

176 1632 405 1722 contradicat,
423 1642 480 1704 aut
490 1633 595 1704 vitam
607 1623 760 1704 doctrina
770 1631 943 1724 destituat,
970 1643 1027 1704 aut
1040 1633 1173 1706 doctri-

175 1771 253 1822 nam
287 1750 494 1843 praesumtio
527 1749 682 1822 extollat.
732 1748 831 1822 Prius
866 1771 951 1843 ergo
986 1751 1172 1844 appetitum

175 1868 277 1938 timor
302 1874 491 1961 temperet,
518 1875 596 1960 post
621 1875 733 1936 autem
759 1867 1013 1958 magisterium,
1039 1866 1173 1960 quoda

175 2003 246 2055 non
264 1990 450 2077 quaerente
473 1983 668 2076 suscipitur,
694 1983 766 2054 vita
790 1981 1021 2072 commendem
1050 2005 1092 2054 ac
1111 1981 1172 2054 de-

174 2099 254 2172 inde
287 2121 432 2173 neeesse
466 2107 540 2188 est,
575 2108 612 2170 ut
645 2098 796 2170 Pastoris
827 2097 953 2170 bonum
990 2098 1080 2192 quod
1114 2100 1177 2170 vi·

134 2275 140 2284 .
175 2215 290 2288 vendo
313 2215 523 2304 ostenditur,
549 2215 650 2284 etiam
671 2213 842 2307 loquendo
860 2224 1080 2309 propagetur.
1117 2214 1177 2286 Ad

177 2343 366 2404 extremum
407 2352 493 2404 vero
535 2339 714 2425 superest,
753 2337 789 2398 ut
828 2328 981 2423 perlecta
1018 2353 1178 2426 quaeque

176 2468 282 2542 opera
310 2445 537 2518 consideratio
571 2448 730 2539 propriae
762 2442 964 2564 inbrmitatis
994 2446 1176 2543 deprimat,

194 2711 200 2720 ·
261 2691 307 2744 vit.
344 2691 505 2744 sicutenim
529 2689 576 2742 ille
598 2691 685 2742 eadem
709 2704 840 2743 excausa
865 2693 968 2760 scripsit
991 2694 1022 2745 de
1040 2707 1088 2746 sua
1108 2691 1175 2762 fuga

253 2777 466 2846 apologeticum,
492 2789 544 2842 quo
561 2774 734 2842 periculosam
758 2775 885 2844 ejusmodi
909 2778 1073 2844 spiritualem
1091 2793 1175 2845 prac-

195 2879 202 2886 ’
261 2863 385 2916 lecturam
405 2861 555 2928 ostendeus,
582 2875 611 2914 se
628 2861 698 2913 baud
715 2863 869 2930 insipienter
885 2861 988 2929 fugisse
1006 2867 1178 2917 monstraret:

262 2949 299 3000 ita
317 2948 414 3016 pariter
431 2947 475 2998 bie
493 2937 520 3000 S.
539 2945 681 3014 Gregorius
706 2947 839 3000 Romanus
857 2963 920 3000 suae
939 2947 1018 3014 fugae
1036 2947 1177 3002 defensio-

263 3047 320 3084 nem
346 3047 458 3101 parans,
493 3031 573 3083 simul
599 3033 709 3084 ostendit
735 3032 799 3084 tenti
822 3033 935 3084 muneris
961 3033 1121 3100 periculum,
1148 3039 1179 3087 at

262 3116 344 3169 voluti
362 3130 395 3168 ex
413 3116 617 3168 eminentissima
634 3117 713 3168 tetius
731 3117 819 3168 muudi
837 3116 965 3169 cathedra
983 3119 1082 3185 docuit,
1100 3134 1175 3186 qua-

197 3223 200 3230 *
260 3203 301 3254 les
319 3217 378 3254 esse
395 3201 510 3268 debeant,
528 3203 573 3270 qui
590 3203 658 3254 inter
675 3203 796 3254 Pastoras
807 3208 988 3269 assumuntur,
1007 3209 1032 3256 at
1046 3204 1176 3272 quomodo

261 3289 391 3356 assumpti
408 3303 437 3340 se
454 3301 545 3356 gerere
564 3289 679 3341 debeant.

197 3375 238 3437 ·¹)
261 3373 333 3425 Haec
350 3372 492 3426 editoribus
511 3377 651 3426 suaserunt
667 3371 727 3424 libri
745 3371 824 3442 bajus
842 3373 870 3424 in
894 3379 1003 3442 quatuor
1020 3378 1107 3440 partes
1126 3373 1175 3425 di·

188 3478 205 3520 :
261 3459 402 3525 visionem,
429 3459 507 3512 cuius
525 3459 672 3527 partitionis
693 3463 822 3510 auctorem
845 3459 916 3512 haud
940 3459 1066 3510 immerito
1083 3462 1176 3526 ipsum

138 3530 144 3544 ’
174 3581 176 3586 .
262 3543 289 3598 S.
307 3545 460 3614 Gregorivm
485 3539 637 3613 eredimus,
659 3545 793 3614 qui-parte
810 3545 862 3597 ΙΙΙ.
880 3557 937 3612 esp.
956 3543 997 3598 26.
1017 3557 1073 3596 eam
1097 3545 1175 3597 indi·

161 3664 163 3670 ·
261 3637 316 3694 cat:
334 3632 432 3702 „Sicut
450 3633 495 3702 ait,
514 3633 541 3685 in
551 3632 632 3702 priori
646 3631 725 3702 liujus
736 3630 1018 3700 voluminispartejam
1029 3631 1178 3687 diximus.“
