2520 4152
569 165 893 303 -asaa‘

241 405 289 472 iu.
311 404 391 491 [Sed
416 413 501 472 tunc
532 389 612 478 vene
627 401 717 468 atita
746 393 850 472 ieme,
869 395 1117 489 praedicatus,
1148 407 1179 472 si

176 486 266 558 ddcta
285 487 387 564 tebni
395 487 611 568 ostendimus,
635 487 662 549 si
679 487 814 570 nosipsi
829 485 945 550 divino
958 503 1069 552 amoro
1086 506 1176 554 com·

176 571 371 727 ῖὲὴςΐώιιν,
394 580 428 636 'et
450 569 621 636 humanae
639 571 741 648 vitae,
764 570 940 654 quaesitae
960 569 1060 656 calpa
1082 584 1178 638 trau·

227 678 244 720 e
266 663 481 738 nequaquam
503 662 624 740 potest,
649 651 863 734 quotidianas
883 651 1039 740 lacrymis
1061 675 1176 720 macu-

175 732 228 804 las
250 737 415 804 lavamus.
464 736 558 800 Tunc
585 745 697 800 autom
715 735 761 798 de
791 733 889 802 nobis
911 754 990 798 vene
1017 752 1177 823 compun-

151 835 154 841 ·
175 818 297 908 dimus,
322 821 350 885 si
372 817 519 883 studiose
541 828 673 904 patrum
688 816 960 965 praecedentium
980 818 1072 884 lacta
1093 840 1176 905 pen·

176 913 309 984 samus,
341 909 380 966 ut
403 919 445 965 cx
468 908 648 986 conspecta
675 899 806 964 ilorum
828 900 952 984 gloria,
986 902 1022 966 in
1051 899 1178 968 nostris

174 986 274 1053 uobis
295 982 400 1050 oculis
423 991 537 1048 nostra
559 984 630 1047 sita
646 981 823 1049 sordescat.
867 981 963 1048 Tunc
985 993 1176 1050 verecum-

186 1069 369 1152 ‘ungimun
394 1077 466 1130 cum
489 1075 671 1150 praecepta
693 1065 828 1129 Domini
852 1064 997 1132 studioso
1019 1083 1178 1152 perscru-

174 1086 303 1230 lanum,
325 1160 361 1213 et
380 1165 443 1235 per
463 1145 549 1211 haec
570 1149 729 1234 proficere
752 1147 816 1234 ipsi
838 1146 1085 1231 contendimus,
1109 1195 1112 1202 ·
1140 1171 1179 1215 er

176 1255 265 1322 quae
282 1234 356 1318 jam
376 1229 559 1316 profecisse
572 1232 726 1296 novimus
749 1250 833 1312 quos
848 1229 1056 1296 veneramur.
1088 1171 1179 1298 illuc

175 1325 228 1382 est
249 1316 337 1381 enim
361 1309 460 1400 quod'
478 1313 519 1376 dc
542 1312 659 1400 Moyse
681 1313 840 1460 scriptum
870 1325 933 1378 est:
963 1307 1112 1380 Posuit
1135 1326 1178 1381 et

176 1397 339 1466 labrum
364 1395 541 1474 laeuepm
571 1396 613 1458 in
642 1415 723 1481 quo
767 1403 1008 1460 avocentur
1028 1397 1177 1465 Aaron

175 1489 216 1545 ct
237 1478 326 1544 tilii
348 1478 462 1563 ejus,
492 1492 577 1542 cum
605 1477 936 1561 ingl-ederentur
962 1478 1177 1551 ‘insecuta

175 1562 451 1641 Sanctorum,
482 1557 591 1646 quod
620 1559 794 1625 locitde
818 1560 1174 1646 speculismulie·

174 1651 261 1710 tum
320 1663 396 1707 uae
426 1639 706 1708 excubabant
739 1645 780 1709 in
817 1645 931 1710 ostio
963 1644 1171 1710 taberna·

174 1665 322 1816 culill
364 1725 515 1790 laabnum
538 1726 596 1812 qui
645 1747 663 1788 e
695 1745 836 1791 aeneum
860 1725 995 1814 Moyses
1015 1729 1115 1815 ponit,
1135 1729 1172 1794 iu

175 1828 243 1898 quo
266 1805 457 1875 sacerdotes
478 1805 587 1872 lavari
631 1810 765 1892 obeant,
789 1817 823 1872 et
844 1809 1175 1886 sanctasanctorum

174 1885 219 1958 its
234 1895 238 1907 “
254 1892 321 1957 edi:
340 1890 421 1974 quia
443 1888 501 1954 lex
518 1887 584 1954 Dei
605 1891 700 1974 prius
723 1913 783 1957 nos
803 1890 921 1956 lavari
935 1912 994 1992 per
1017 1909 1177 1978 compun-

175 1978 319 2042 ctionem
347 1973 533 2066 praecipit,
563 1981 601 2037 ut
621 1985 737 2039 nostra
763 1973 973 2051 immunditia
1001 1973 1045 2039 ad
1076 1995 1176 2058 penc-
1242 2019 1243 2062 p

174 2057 332 2125 mandam
355 2066 556 2121 secretorum
568 2054 633 2119 Dei
654 2057 851 2122 munditiam
872 2079 939 2124 non
961 2060 1005 2123 sit
1024 2055 1176 2146 indigna.

175 2140 275 2224 Quod
295 2139 381 2205 benc
402 2136 530 2202 labrum
552 2137 596 2202 de
611 2140 758 2224 speculis
777 2139 954 2205 mulierum
976 2139 1134 2230 perhibet
1148 2140 1176 2224 ²)
1241 2207 1242 2217 ,

174 2225 311 2304 factum,
337 2229 425 2309 quae
446 2220 489 2285 ad
505 2219 717 2288 tubernaculi
727 2223 848 2289 ostium
864 2223 1094 2288 indesinenter
1117 2245 1178 2289 ex-

175 2304 357 2373 cubabant.
402 2302 691 2392 Speculaqulppe
705 2303 880 2369 mulierum
893 2316 971 2370 sunt
991 2318 1179 2390 praecepta
1240 2343 1241 2369 t

174 2390 255 2472 Dei,
278 2389 313 2453 in
328 2385 451 2474 quibus
465 2409 501 2450 sc
513 2395 651 2452 sauctae
663 2389 796 2450 animae
807 2405 936 2472 semper
957 2406 995 2451 as
1018 2385 1139 2468 ‘lciuut,
1149 2386 1178 2472 3)

176 2481 211 2537 ct
233 2472 263 2536 si
282 2479 373 2557 ¹(pa'ac
390 2469 427 2532 in
449 2471 496 2534 eis
519 2479 598 2533 sunt
614 2463 786 2532 foeditatis
802 2467 966 2552 antoniae,
988 2404 1177 2554 ‹lepseton-
1239 2473 1240 2521 l

174 2554 269 2620 dunt.
312 2552 563 2637 Cogitationem
592 2551 675 2614 vitia
704 2552 874 2634 corrigunt
902 2562 937 2617 et
964 2552 1064 2637 quasi
1084 2551 1177 2618 toni·

176 2645 286 2702 tentes
296 2635 325 2720 ⁶⁶)
348 2635 463 2701 vultus
486 2631 776 2698 velutexreddita
790 2633 936 2719 imagine
959 2647 1176 2721 componunt:
1238 2627 1239 2675 l

177 2719 257 2811 quia
281 2717 357 2783 dum
386 2715 573 2804 praeceptis
602 2714 787 2780 Dominicis
817 2717 957 2783 amenter
985 2717 1175 2802 intendunt,
1237 2761 1238 2812 p

175 2806 212 2868 in
234 2803 283 2867 cis
304 2799 419 2888 procul
441 2797 542 2861 dubio
559 2795 612 2862 vel
632 2799 713 2883 quid
738 2800 773 2863 in
797 2819 831 2864 se
844 2800 984 2867 caelesti
1005 2803 1078 2867 viro
1101 2801 1175 2888 pla·
1237 2817 1238 2827 ¹

173 2895 261 2967 aest,
283 2881 337 2950 sel
360 2881 440 2969 quid
452 2877 628 2967 displiceat
649 2894 849 2965 agnoscunt.
868 2882 895 2965 ὀ)
939 2884 1036 2965 Quae
1059 2905 1176 2972 quam·

174 2965 234 3034 'diu
256 2970 292 3032 in
305 2965 368 3029 hac
384 2966 555 3041 vitasunt,
579 2973 750 3029 aeternum
767 2964 1022 3032 tabernaculum
1044 2968 1177 3051 ingredi

173 3068 387 3139 nequaquam
410 3057 559 3132 possunt.
602 3045 670 3112 Sed
697 3056 814 3114 tamen
843 3048 885 3114 ad
914 3051 1034 3117 ostium
1061 3048 1176 3117 taber-

114 3175 116 3178 ·
172 3129 459 3201 uaouli‘mulienes
476 3129 663 3194 excubant:
684 3132 765 3216 quia
781 3141 916 3197 sanctae
928 3133 1060 3197 animae
1074 3133 1177 3200 etiam

176 3237 250 3284 cum
274 3213 464 3279 infirmitate
486 3211 598 3278 edituo
625 3214 734 3278 carnis
756 3225 959 3300 gravantur,
989 3234 1101 3281 amore
1123 3227 1175 3281 ta·
1234 3231 1235 3286 i

106 3323 108 3334 ’
168 3309 252 3364 ‘ineu
274 3297 432 3362 continuo
450 3295 639 3380 ingressum
664 3299 793 3362 aeterni
814 3298 969 3362 introitus
982 3297 1176 3365 observant.

176 3381 313 3469 Moyses
335 3401 415 3462 ergo
441 3376 572 3442 labrum
607 3379 840 3445 sacerdotibus
869 3380 910 3445 ds
940 3381 1083 3466 speculis
1100 3403 1174 3447 mu·

174 3463 294 3530 lienum
315 3461 407 3527 fecit:
434 3460 515 3548 quia
542 3459 595 3525 lex
616 3461 684 3526 Dei
706 3461 877 3528 lavacrum
899 3465 1173 3549 cumpunctionis,

205 3635 228 3701 ¹)
245 3631 329 3687 Exod.
351 3633 393 3696 38,
412 3635 437 3688 8.
455 3665 489 3673 -
507 3635 527 3698 ¹)
545 3635 611 3694 Alit.
628 3636 785 3706 perhibetur.
796 3663 830 3676 -
847 3633 871 3700 ³)
888 3637 952 3694 Alit.
970 3639 1122 3708 inspiciunt.
1141 3669 1174 3680 -

164 3763 166 3767 ,
245 3700 265 3767 ⁴)
284 3704 349 3760 ulit
366 3707 534 3774 poenitentes.
552 3735 587 3748 -
603 3704 625 3770 Ι)
645 3706 709 3760 Alit.
728 3711 897 3776 cognoscant.
