2554 4172
551 179 784 251 d.1ru;...

159 345 318 420 nunsntt
347 345 438 416 sain
466 357 564 431 sont,
599 345 659 436 qni
688 365 807 416 escrae
838 347 939 435 Legis
968 349 1072 416 verba
1092 368 1170 420 nors

161 461 251 520 ecte
273 443 483 534 intelliguht3
506 456 545 512 ut
560 447 787 536 perpendant,
808 445 890 536 quia
907 449 1168 518 saluberrima

160 551 232 618 vini
253 559 367 638 potum
387 549 424 614 in
445 548 567 614 veneni
588 545 656 612 sibi
682 545 841 636 poculum
860 557 1010 632 vertunt,
1033 571 1073 618 ac
1099 567 1167 637 per

161 649 361 718 medicinale
381 649 509 714 ferrum
531 645 668 713 vulnere
689 645 820 712 mortali
845 646 1050 732 referiunt,
1082 647 1168 714 darn

161 761 224 840 per
246 749 308 817 hoc
330 750 367 813 in
389 767 424 812 se
447 765 531 814 sens
558 746 745 832 perimunt,
775 765 838 832 per
868 745 958 834 qnod
984 745 1169 816 salubriter

161 845 361 916 abscindere
394 845 545 912 sauciata
575 843 775 910 debuerunt
824 843 1034 911 Admonendi
1069 855 1165 928 sunt
1257 929 1258 932 Ἴ

161 958 201 1018 ut
220 946 442 1036 perpendant,
472 944 561 1031 quod
582 943 755 1032 Scriptura
776 964 874 1012 sacra
894 945 929 1010 in
950 949 1166 1013 aucteritas

161 1048 350 1136 praesentis
372 1045 470 1131 quasi
493 1042 659 1130 quaedam
679 1043 779 1109 nobis
807 1042 946 1110 lucerna
974 1042 1018 1109 sit
1038 1046 1168 1131 posite,

162 1153 259 1236 cajus
280 1146 434 1214 nimirum
454 1143 561 1208 verba
590 1135 762 1210 dumnoc
783 1151 872 1208 recte
887 1141 1097 1228 intelligunt,
1113 1143 1165 1209 ‘de

92 1254 97 1278 ⁴
160 1246 289 1313 lumine
309 1241 553 1310 tenebrescunt.
597 1241 690 1322 Quos
711 1239 868 1307 videlicet
888 1241 932 1306 ad
952 1240 1163 1307 intellectum

161 1366 304 1434 pravum
332 1342 473 1406 intentio
505 1363 665 1426 perversa
693 1362 762 1405 non
788 1349 940 1427 raperet,
971 1341 1039 1406 nisi
1064 1343 1162 1426 prius

162 1441 321 1530 superbia
347 1441 491 1506 inflaret
540 1440 629 1504 Dum
659 1440 747 1504 enim
777 1460 812 1504 se
844 1459 928 1525 prae
955 1441 1075 1505 ceteris
1104 1461 1159 1505 sa·

160 1546 292 1627 pientes
315 1539 535 1623 arbitrantur,
558 1539 656 1624 sequi
678 1539 762 1603 alios
784 1538 828 1603 ad
849 1539 970 1604 melius
984 1538 1160 1605 intellectu

161 1643 368 1730 despiciunt:
400 1650 502 1726 atque
523 1648 561 1703 ut
588 1638 677 1719 apud
699 1639 886 1720 imperitum
907 1636 1029 1723 vulgus
1052 1639 1158 1705 scien·

160 1744 229 1809 tiae
252 1739 316 1805 sibi
336 1740 458 1804 nornen
479 1745 720 1822 extorqueant,
744 1737 880 1804 student
901 1757 1109 1826 summopere
1125 1749 1156 1804 et

162 1840 205 1908 ab
235 1838 312 1904 aliis
344 1847 436 1903 recte
463 1836 631 1904 intellecta
661 1835 832 1903 destruere
861 1847 893 1902 et
915 1859 978 1902 sua
998 1860 1159 1925 perversa

161 1938 331 2006 roborare.
375 1937 474 2002 Unde
500 1935 587 2001 bens
619 1957 680 2023 per
701 1936 898 2023 prophetam
926 1935 1061 2003 dicitur:
1095 1937 1158 2004 Se·

162 2045 344 2106 cuerunt
369 2045 664 2125 praegnantes
699 2035 863 2103 Gelaad
892 2037 940 2102 ad
971 2037 1160 2107 dilston·

162 2141 252 2206 dum
273 2138 491 2204 terminum
520 2157 646 2202 suum.
670 2135 694 2223 1)
738 2134 872 2203 Galaad
899 2157 1043 2222 namque
1065 2161 1159 2203 acer·

162 2262 227 2307 vus
248 2236 432 2302 testimonii
453 2236 705 2322 interpretatur.
749 2236 794 2299 Et
817 2235 896 2320 quia
918 2243 1037 2296 cuncta
1061 2235 1162 2299 simul

163 2337 381 2422 congregatio
403 2334 575 2401 Ecclesiae
595 2359 658 2424 per
679 2335 918 2399 confessionem
941 2331 1044 2393 servit
1065 2333 1161 2396 testi·
1256 2371 1257 2374 =

161 2439 273 2504 monio
295 2438 465 2518 veritatis,
501 2459 567 2503 non
594 2439 775 2516 incongrue
801 2451 862 2515 per
884 2424 1019 2491 Galaad
1049 2429 1163 2496 Eccle-

164 2539 215 2603 sia
239 2537 453 2620 exprimitur,
477 2557 565 2623 quae
587 2556 643 2598 ore
656 2535 849 2595 cunctorum
864 2523 1009 2591 fidelium
1022 2526 1063 2592 de
1074 2528 1163 2617 Deo,

164 2651 320 2724 quaeque
349 2659 430 2702 vera
457 2646 552 2715 sunt,
582 2639 733 2696 testatur.
783 2627 1015 2711 Praegnsntes
1048 2638 1160 2696 autem

162 2747 328 2803 vocantur
350 2740 495 2814 animae,
521 2752 607 2816 quae
630 2725 835 2792 intellectum
858 2725 954 2791 verbi
981 2747 1024 2792 ex
1047 2726 1156 2796 divino

164 2857 277 2904 amore
299 2838 502 2924 concipiunt,
533 2831 561 2892 si
583 2826 627 2891 ad
648 2825 832 2914 perfectum
857 2835 987 2914 tempus
1008 2830 1157 2913 venient,

163 2947 358 3024 conceptam
379 2927 631 3010 intelligentiam
653 2928 762 3012 operis
778 2926 966 3010 ostensione
978 2929 1158 3012 pariturae.

164 3036 359 3101 Terminum
380 3050 458 3098 vero
481 3047 576 3090 suum
589 3025 730 3092 dilatare
750 3039 801 3092 est
816 3027 982 3113 opinionis
1003 3049 1083 3092 suae
1104 3051 1162 3094 no·

163 3157 240 3201 men
262 3129 450 3200 extendere.
488 3123 672 3193 Seouerunt
691 3147 769 3211 ergo
781 3135 1009 3215 praegnantes
1028 3124 1161 3192 (talead

164 3235 209 3300 ad
231 3227 435 3298 dilatandum
456 3227 634 3294 terminum
657 3250 767 3308 suum;
803 3228 883 3314 quia
904 3226 1060 3290 nimirum
1081 3223 1160 3289 hae·

162 3336 259 3400 retici
280 3334 405 3396 mentes
426 3326 590 3408 fidelium,
623 3348 711 3414 quae
728 3329 801 3414 jam
823 3324 950 3413 aliquid
977 3325 1017 3390 de
1038 3325 1159 3390 verita·

163 3437 208 3502 tis
236 3427 408 3496 intellectu
438 3437 683 3517 conceperant,
723 3448 885 3512 perversa
913 3424 1159 3512 praedicatione

164 3571 449 3587 ἡ

198 3642 222 3708 ι)
240 3641 330 3696 Amos.
348 3643 372 3712 1,
391 3643 433 3700 13.
