2556 4150
532 182 831 250 -1o-.

133 343 285 428 sederet,
306 344 497 432 utcumque
526 343 616 414 hunc
643 344 852 412 tolerabilior
877 340 1001 412 inferni
1022 368 1137 437 poene

132 443 321 510 cruciaret
433 476 437 489 ι

490 562 684 691 ἰιιιιι
717 609 783 679 ιιι,

61 741 62 749 ’
157 745 204 797 De
224 739 376 811 pondere
398 729 596 808 regiminis,
622 746 654 795 et
672 727 762 810 q'uod
788 746 936 799 adverse
959 757 1111 814 quosque

193 827 426 895 despicienda
445 827 544 894 ιιιιι,ιἸ
566 833 610 880 et
623 843 809 898 prospera
820 829 1051 886 formidanda

194 963 287 1054 Haec
313 965 437 1079 itiqioe.
458 961 606 1030 breviter
634 962 797 1056 diximus,
830 976 867 1033 ut
895 974 1057 1063 ιιιιιιιιιιιιι
1086 968 1129 1034 sit

130 1060 263 1176 ιιοιιᾶιιι
283 1061 456 1177 regiminis
477 1049 754 1147 monstraremus}
784 1086 827 1131 ne
849 1075 1010 1132 temerare
1032 1088 1129 1134 sacra

129 1160 294 1248 regimina
316 1161 469 1248 quisquis
491 1157 575 1225 his
564 1183 672 1247 rmpsr
694 1169 745 1227 est
762 1164 898 1249 audeat,
920 1176 953 1230 et
972 1188 1033 1253 per
1051 1189 1127 1233 con·

131 1261 370 1350 cupiscentiam
391 1258 541 1324 culminis
559 1259 717 1328 ducatum
743 1264 904 1349 suscipiat
921 1264 1127 1351 perditionis.

129 1360 218 1426 Hinc
247 1360 334 1425 enim
364 1359 418 1444 pie
440 1357 587 1423 Jacobus
608 1356 783 1445 prohibet,
817 1359 945 1427 dicens:
982 1363 1126 1431 Nolite

129 1458 282 1547 plures
304 1457 504 1542 magistri
526 1455 651 1538 fieri,
673 1456 834 1524 fratres
856 1463 945 1526 mei.
970 1459 996 1547 ¹)
1038 1461 1128 1527 Hinc

129 1558 204 1645 ipse
231 1555 300 1622 Dei
327 1553 562 1641 hominumque
590 1555 756 1621 Mediator
784 1580 928 1641 regnum
952 1561 1126 1647 percipere

129 1659 252 1725 vitavit
273 1658 448 1738 interris,
473 1655 530 1742 qui
553 1676 770 1742 supernorum
793 1678 925 1743 quoque
948 1660 1127 1742 spirituum

133 1757 309 1824 scientiam
332 1773 533 1846 sensumque
546 1751 788 1820 transcendens
810 1765 889 1820 ante
907 1755 1021 1821 secula
1050 1780 1125 1843 reg·

130 1865 191 1922 nat
216 1858 252 1921 in
276 1853 388 1921 coelis.
432 1852 603 1943 Scriptum
625 1853 750 1940 quippe
772 1863 838 1920 est:
872 1854 1002 1924 desua
1024 1879 1126 1943 ergo
1228 1931 1232 1941 l

131 1961 217 2020 c'um
245 1955 534 2038 cognovisset,
566 1954 670 2039 quia
697 1955 866 2019 venturi
894 1967 1054 2038 essent,
1082 1965 1128 2022 ut

129 2065 337 2145 raperent
359 2076 463 2136 eum,
487 2063 526 2118 et
546 2053 748 2120 facerent
771 2077 857 2122 eum
879 2055 1040 2140 regem,
1068 2054 1126 2119 fu-

129 2157 193 2242 git
226 2156 380 2222 iterum
409 2154 451 2220 in
484 2162 664 2219 montem
697 2154 789 2239 ipse
820 2153 945 2221 solus.
970 2153 997 2240 2)
1042 2152 1127 2234 Quis

129 2255 217 2321 enim
237 2255 423 2343 principari
443 2251 634 2318 hominibus
656 2260 724 2316 tam
746 2252 817 2317 sine
835 2251 935 2329 culpa
951 2253 1127 2339 potuisset,

131 2375 230 2440 quam
249 2355 298 2435 is,
325 2353 463 2440 quibos
485 2352 640 2417 nimirum
663 2362 813 2436 regeret,
838 2373 922 2438 quos
940 2352 1012 2439 ipse
1034 2374 1127 2417 crea·

53 2477 56 2484 ·
130 2453 253 2521 verat?
288 2452 354 2516 Sed
377 2448 658 2538 quiaidoircoin
680 2471 781 2514 carne
810 2459 970 2531 venerat,
1000 2459 1127 2518 utnon

130 2552 239 2620 solum
268 2573 328 2616 nos
357 2572 418 2636 per
445 2550 634 2636 passionem
662 2547 855 2631 redimeret,
889 2551 1127 2616 verumetiam

129 2674 193 2744 per
214 2651 501 2718 conversationem
528 2647 676 2730 doceret,
708 2648 896 2736 exemplum
926 2672 961 2714 se
984 2672 1126 2738 sequen·

129 2749 220 2818 tibus
242 2748 409 2836 praebens
432 2769 495 2812 rex
514 2746 588 2814 fieri
608 2747 735 2830 nolum,
767 2749 811 2813 ad
832 2749 940 2834 crucis
965 2769 1045 2813 vero
1066 2769 1126 2835 pa·

130 2849 272 2918 tibulum
294 2857 412 2937 sponte
434 2849 606 2930 convenit3
636 2845 727 2913 oblat
714 2855 781 2912 tam
803 2824 946 2932 gloriam
975 2845 1127 2911 culminis

130 2950 230 3036 fugit,
246 2971 395 3038 poenam
409 2944 590 3040 probrosae
611 2949 728 3013 mortis
749 2948 900 3036 appetiit,
920 2955 958 3011 ut
979 2942 1128 3010 membra

132 3048 207 3152 ejus
229 3046 388 3114 videlicet
409 3046 574 3112 discerent
600 3046 736 3114 favores
757 3043 871 3112 mundi
892 3043 1027 3131 sugere,
1060 3053 1126 3110 ter·

130 3171 226 3217 rores
248 3147 381 3214 minime
402 3141 536 3230 timere,
560 3169 620 3233 pro
642 3148 785 3213 veritate
808 3144 954 3211 adversa
972 3142 1125 3230 diligere,

10 3333 12 3344 ,
130 3269 295 3340 prospera
322 3243 529 3312 formidando
559 3243 742 3313 declinare:
773 3247 852 3333 quis
880 3253 914 3310 et
937 3245 1003 3312 ista
1026 3265 1126 3332 saepe

131 3371 195 3438 per
224 3357 387 3414 tumorem
417 3367 472 3411 cor
507 3347 702 3434 inquinant,
737 3355 770 3410 et
803 3343 865 3411 illa
894 3368 954 3432 per
981 3342 1126 3414 dolorem

131 3458 290 3534 purgant
333 3446 470 3513 inistis
494 3469 529 3533 se
551 3447 681 3513 animus
700 3446 815 3531 erigit,
849 3443 975 3512 inillis
1002 3451 1124 3525 autem,

168 3644 189 3708 ⁸)
205 3642 262 3698 Jao.
279 3641 311 3712 ³,
330 3645 355 3705 1.
376 3674 405 3684 -
426 3644 446 3712 ²)
463 3645 538 3732 ιοιιι.
555 3642 589 3710 6,
609 3643 660 3700 15:
