2520 4152
125 373 342 471 pbcfflo‘rutn
360 382 550 448 ¹'riostrtrruut
568 380 707 447 mrtcblis
729 379 880 462 exultet,
903 382 982 447 dim
1004 401 1045 446 oa
1063 391 1129 470 pei

124 473 383 550 duae'sunctos
417 466 548 528 animae
579 478 723 552 superno
756 479 882 552 sponso
914 465 1127 554 placuerunt,

125 545 292 612 intuenda
315 547 413 612 nobis
436 547 594 612 caelestis
609 556 790 634 praecepta
808 548 960 633 moeret.
982 545 1007 632 ι)
1043 547 1126 629 Qui*

125 629 194 694 bns
216 631 245 694 si
266 627 445 713 diligenter
467 631 687 712 intendimus,
713 632 865 696 internae
886 641 1022 694 nostrus
1044 633 1126 694 imo*-

125 713 220 798 ginis
248 711 398 778 maculas
427 713 588 778 videmus.
632 713 798 778 Vidents's
827 725 938 777 autem
965 712 1128 794 maculas,

126 797 164 860 in
173 797 403 885 poenitentiae
415 795 528 860 dolore
540 796 808 884 compungimur:
829 797 1018 882 compuncti
1032 815 1126 877 vero,

127 878 227 962 quasi
249 879 283 942 in
306 876 400 943 labro
422 879 462 942 de
486 879 827 962 speculis-mulierum
849 879 1010 941 lavamur.
1095 916 1099 928 ·

158 985 173 1002 ν’
191 961 241 1022 11.
276 960 338 1024 Est
348 971 463 1026 *autem
478 959 573 1025 valde
584 962 824 1038 necessarium,
848 972 885 1024 ut
906 977 981 1024 cum
1002 961 1045 1024 de
1068 977 1126 1026 tro·

126 1041 182 1108 bis
205 1043 239 1108 in
262 1046 513 1127 compunctione
544 1044 723 1124 afficimur,
755 1045 855 1107 etiam
876 1044 1125 1108 commissorum

127 1123 228 1192 nobis
251 1127 353 1190 vitam
374 1126 529 1191 zelemus.
573 1125 629 1190 Sic
646 1147 726 1210 ergo
748 1148 809 1191 uos
833 1126 1019 1192 amaritudo
1040 1136 1126 1190 com·

128 1209 321 1294 punctionis
343 1208 481 1289 afficiat,
505 1219 542 1274 ut
560 1221 671 1274 tamen
693 1231 714 1272 a
729 1209 952 1294 proximorum
975 1205 1127 1274 custodia

130 1313 197 1355 non
218 1299 359 1356 avertet.
402 1291 494 1373 Quid
520 1293 610 1357 enim
639 1290 796 1379 prodest,
828 1293 857 1355 si
880 1302 1031 1357 amantes
1049 1311 1125 1356 nos·

128 1373 207 1437 meti
233 1395 304 1453 sos,
325 1373 554 1462 relinquamus
577 1375 768 1460 proximos?
800 1372 871 1438 Vel
887 1375 966 1456 quill
989 1388 1126 1438 rursum

127 1470 169 1542 pr
216 1465 276 1536 est,
298 1457 328 1520 si
349 1467 498 1522 amantes
520 1457 573 1522 val
586 1457 737 1522 zelantes
756 1458 935 1544 proximos,
957 1456 1126 1542 relinqua-

128 1559 202 1604 mus
226 1539 465 1620 nosmetipsos?
498 1539 537 1602 Iu
552 1547 747 1606 ornamento
759 1541 884 1626 quippe
904 1537 1124 1616 tabernaculi,

124 1619 183 1686 ‘bis
203 1622 328 1686 tinctus
357 1641 477 1687 coccus
505 1621 617 1688 oll'erri
644 1623 867 1710 praecipitur:
892 1635 931 1687 ut
959 1634 1038 1688 ante
1062 1621 1127 1685 Dei

122 1701 245 1782 [oculos
267 1704 393 1769 caritas
416 1713 529 1770 nostra
552 1703 617 1769 Dei
641 1717 674 1770 et
699 1707 844 1789 proximi
865 1723 976 1770 amore
997 1704 1124 1770 colore·

124 1791 196 1851 tur.
211 1785 237 1870 ²)
282 1784 343 1850 ille
366 1795 476 1851 sutem
499 1802 577 1852 vere
599 1809 635 1850 sc
655 1787 788 1933 ἀίΙίἷὶι,
821 1787 879 1873 qni
905 1799 990 1872 pure
1009 1785 1127 1870 diligit

127 1871 308 1934 auctorem.
351 1870 446 1934 Tunc
474 1888 555 1953 ergo
584 1889 701 1935 coccus
746 1871 774 1933 is
804 1870 961 1954 tingitur,
991 1867 1125 1956 quaudo

122 1971 209 2099 suffia
232 1971 267 2016 se
288 1963 328 2016 ¹et
354 1952 545 2036 proximum
573 1971 749 2018 examore
780 1954 929 2018 veritatis
944 1953 971 2038 Ι)
994 1954 1126 2018 unimus

126 2036 163 2100 in
190 2041 362 2100 ammatur.
674 2045 677 2052 '
1102 2073 1104 2077 ·

192 2117 241 2180 12.
273 2116 339 2181 Sed
369 2117 456 2181 iriter
482 2115 564 2181 baec
594 2118 764 2184 sciendum
793 2109 890 2183 nobis
920 2125 988 2197 est,
1017 2127 1056 2182 ut
1077 2117 1125 2180 sie

126 2209 326 2278 exerceatur
346 2197 444 2264 aelus
459 2201 668 2266 rectitudinis
688 2213 804 2266 contra
819 2211 928 2285 prava
950 2209 1026 2264 aeta
1047 2215 1125 2285 pro·

124 2283 302 2361 rimorum,
325 2291 493 2369 quatenus
504 2284 538 2348 in
555 2283 686 2348 fervore
699 2281 915 2350 districtionis
926 2279 1125 2348 nullomodo

126 2364 341 2451 relinquetur
361 2367 468 2430 virtus
490 2364 767 2434 mansuetudinis.
799 2367 856 2430 Ira
871 2366 1125 2432 etenimsaoer·

73 2473 77 2480 ·
128 2446 216 2512 dotis
236 2465 451 2546 nequaquam
474 2449 573 2514 debet
595 2471 668 2514 esse
685 2462 847 2535 praeceps
870 2445 1125 2534 et-perturbuta‚

124 2529 189 2593 'sed
210 2549 317 2615 magra
340 2553 381 2596 ex
402 2531 533 2596 consilii
555 2533 721 2617 grauitate
744 2533 940 2618 mitiganda.
983 2530 1028 2596 Et
1049 2547 1124 2616 por·

129 2623 201 2675 tare
224 2633 305 2697 ergo
317 2612 474 2678 debemus
486 2635 569 2701 quos
582 2617 788 2700 corrigimus,
812 2630 846 2682 et
860 2617 1027 2701 corrigere
1040 2631 1125 2698 quos

127 2704 314 2842 portamus:
346 2716 388 2760 ne
412 2699 439 2760 si
471 2719 512 2762 ex
534 2709 676 2783 utroque
703 2723 805 2765 unum
828 2699 985 2777 defuerit,
1016 2698 1069 2761 vel
1091 2689 1125 2757 in

142 2795 272 2856 errore,
295 2777 408 2843 rolin
431 2784 686 2848 mansuetudine
710 2786 796 2848 actio
819 2779 1036 2848 sacerdotalis
1058 2796 1128 2844 non

123 2861 183 2925 ¹dit.
225 2857 291 2924 Hie
313 2881 457 2946 nemque
480 2874 532 2928 cst
554 2867 642 2946 quod
664 2865 699 2928 in
721 2865 836 2948 templi
859 2863 1066 2940 ministerio,
1086 2861 1125 2922 in

128 2941 266 3006 basibus
294 2943 413 3028 templi
436 2943 617 3032 sculptorio
644 2969 662 3010 o
689 2969 745 3010 ere
775 2946 888 3011 leones
910 2955 944 3009 et
966 2944 1070 3009 boves
1093 2952 1126 3005 et

131 3022 311 3090 Cherubim
335 3045 496 3110 expressa
519 3038 606 3092 sunt.
641 2967 820 3094 Obernbim
838 3028 895 3114 qui
920 3049 962 3114 pe
983 3036 1034 3089 est
1055 3024 1122 3112 ple·

129 3103 246 3172 nitudo
264 3107 434 3171 scientiae.
479 3107 545 3172 Sed
562 3109 641 3194 quid
663 3122 725 3190 est,
750 3110 836 3194 quod
852 3114 888 3174 in
899 3051 1042 3173 basibus
1064 3123 1125 3173 nec

129 3189 246 3254 leones
276 3189 348 3252 sine
375 3187 497 3269 bobus,
526 3211 588 3256 neu
610 3191 712 3258 boves
741 3196 814 3257 sine
840 3191 990 3257 leonibus
1016 3189 1126 3254 fiunt?
1185 3187 1193 3203 “

131 3269 223 3349 Quid
251 3270 339 3334 enim
370 3271 464 3335 aliud
490 3273 670 3358 designaut
699 3276 797 3341 beses
824 3275 859 3339 in
888 3287 951 3340 tem
979 3273 1027 3354 lo,
1059 3271 1125 3338 nisi

130 3352 320 3418 sacerdotes
342 3355 377 3418 in
399 3353 580 3421 Ecclesia?
607 3357 773 3436 Quidum
795 3358 938 3424 sollicita
964 3361 1052 3423 inem
1073 3377 1124 3422 re·

129 3435 265 3522 giminis
295 3435 455 3522 tolerant,
490 3442 588 3528 quasi
608 3463 698 3507 more
732 3440 865 3509 basium
887 3441 1124 3531 superimposi-

166 3616 188 3680 ¹)
198 3613 425 3739 ellibtibmm
451 3646 481 3658 -
516 3617 536 3683 ¹)
554 3618 636 3674 Exci.
654 3617 702 3687 25,
729 3617 754 3677 l.
780 3647 812 3659 -
848 3617 872 3689 ⁸)
892 3619 951 3674 altr.
980 3635 1013 3676 ex
1038 3633 1124 3676 umore
