2554 4172
527 163 728 237 ...97-

131 342 346 432 praedicante
369 340 588 421 succurritur,
608 342 638 404 si
662 356 749 425 qnae
772 342 815 405 sit
830 339 937 427 liujus
958 348 1123 426 permuta*

127 445 233 508 tionis
253 461 355 505 causa
366 489 375 520 ,
409 438 586 525 pandatur.
630 438 779 504 Callidus
798 428 943 526 namque
965 438 1123 506 adversa·

128 544 200 607 rius
223 540 349 606 bellum
371 549 486 604 contra
508 537 590 603 duos
612 547 738 619 movet,
772 561 874 604 unum
896 537 1052 604 videlicet
1073 530 1122 606 inss

128 643 304 706 flammans
315 689 324 720 ,
360 649 397 704 ut
428 636 644 704 contumelias
675 637 768 724 prior
800 636 944 720 inierat,
966 637 1123 705 alterum

128 762 333 826 provocans,
364 750 440 804 ut
423 736 640 804 contumelias
660 736 774 803 laesus
795 737 922 804 reddat.
966 736 1032 802 Sed
1049 735 1121 825 plc

130 861 270 926 rumque
291 839 368 904 dum
389 840 521 926 hujus
506 860 579 926 Jam
600 838 704 903 victor
720 847 781 919 est,
806 837 863 924 qui
883 831 1039 923 injuriam
1049 857 1123 923 per·

131 964 252 1008 suasus
278 942 420 1024 irrogat,
449 940 492 1005 ab
521 938 579 1005 illo
610 939 772 1018 vincitur,
808 939 866 1024 qni
899 934 1028 1002 illatam
1059 933 1124 1002 sibi

130 1041 375 1127 aequanimiter
397 1047 517 1126 portat.
551 1024 660 1105 Unius
684 1059 762 1122 ergo
784 1036 899 1119 victor,
923 1059 1019 1124 quem
1037 1057 1121 1102 com·
1174 1027 1176 1034 ’

129 1137 292 1206 movendo
313 1138 525 1224 subjugavit,
547 1145 617 1202 tota
638 1147 756 1204 eontra
778 1136 920 1204 alterum
943 1137 1065 1202 virtute
1087 1156 1123 1202 se

129 1238 245 1322 erigit,
269 1258 409 1324 eumque
431 1236 643 1302 obsistentem
664 1235 794 1306 fortiter
816 1245 851 1302 et
868 1237 1003 1302 vincent
1004 1257 1053 1300 em
989 1231 1123 1301 t-do

128 1337 193 1423 let3
229 1358 326 1423 quem
357 1328 447 1433 qnia
463 1357 664 1403 commovere
694 1338 728 1402 in
753 1338 828 1427 ipsa
850 1333 1125 1403 contumeliarum

124 1435 332 1530 jaculatione
355 1457 423 1501 non
444 1437 570 1522 potuit,
594 1432 636 1500 ab
659 1446 775 1521 aperto
798 1436 977 1508 certamine
992 1432 1124 1498 interim

130 1536 307 1622 quiescens
339 1547 373 1600 ct
403 1546 533 1604 secreta
564 1537 781 1622 suggestione
809 1535 1044 1620 cogitationem
1074 1530 1122 1597 la·

128 1655 265 1702 aessens
287 1645 408 1720 aptum
437 1635 643 1722 deceptionis
671 1646 801 1722 tempus
833 1633 982 1720 inquirit
1034 1630 1124 1712 Quia

129 1734 213 1797 enim
235 1731 374 1819 publico
400 1732 490 1808 bello
520 1732 665 1822 perdidit
686 1734 728 1820 ¹),
763 1733 806 1798 ad
835 1729 1042 1805 exercendas
1069 1753 1122 1802 oce

129 1831 219 1898 culte
241 1831 380 1896 insidias
403 1831 599 1899 exardescit.
644 1833 775 1914 Quietis
805 1853 950 1922 namque
973 1840 1122 1918 tempore

125 1932 197 2014 jam
218 1927 260 1992 ad
284 1930 417 1996 victoris
439 1932 585 1995 animum
606 1931 710 2012 redit,
732 1941 765 1996 et
782 1929 834 1996 vel
859 1953 968 1998 rerum
990 1930 1110 1996 damna

131 2040 189 2092 aut
198 2028 394 2113 injuriarum
400 2027 516 2116 jacula
528 2027 765 2094 admemoriam
777 2028 915 2111 reducit,
933 1977 1123 2116 cunctaqud

130 2149 218 2214 quac
240 2125 304 2191 sibi
326 2126 423 2192 illata
443 2136 531 2208 sunt,
559 2125 773 2192 vehementer
794 2148 1016 2212 exaggerans,
1037 2127 1121 2192 into·

128 2224 282 2290 lerabilia
306 2225 461 2292 ostendit:
483 2234 643 2314 tantoque
664 2236 806 2291 mentem
827 2247 977 2292 moerore
992 2235 1122 2290 contur-

127 2325 202 2406 bat,
238 2339 275 2392 ut
297 2323 493 2411 plerumque
516 2327 567 2392 vir
590 2328 721 2412 patiens
742 2324 800 2390 illa
824 2347 859 2390 se
881 2322 1123 2411 aequanimiter

125 2417 288 2490 tolerasse
321 2436 396 2510 post
416 2426 591 2494 victoriam
623 2427 775 2513 captivus
798 2423 990 2506 erubescat,
1018 2444 1121 2508 seque

127 2545 193 2587 non
221 2519 406 2588 reddidisse
436 2525 651 2592 contumelias
674 2523 851 2606 delectet
879 2521 1042 2594 deteriora
1069 2545 1119 2586 re·
1165 2601 1167 2606 Ι

127 2620 289 2708 pendere,
325 2623 353 2687 si
377 2623 507 2688 occasio
540 2623 760 2709 praebeatur,
795 2633 944 2737 quaerat.
988 2603 1120 2700 Quibus

127 2742 205 2806 ergo
228 2721 284 2786 isti
307 2731 385 2788 sunt
407 2721 547 2805 similes,
579 2724 646 2788 nisi
675 2721 746 2806 his,
779 2724 837 2809 qni
862 2745 924 2808 per
952 2717 1119 2786 fortitudi

126 2843 202 2884 nem
224 2822 258 2886 in
280 2831 395 2908 campo
417 2820 558 2888 victores
582 2832 676 2904 sunt,
709 2823 767 2886 sed
789 2843 848 2908 per
876 2817 1119 2904 negligentiam

127 2917 332 3000 postmodum
355 2919 443 2986 intra
465 2917 559 2986 urbis
581 2919 729 2986 claustra
751 2919 954 3004 capiuntur?
986 2915 1129 3006 Quibus,

130 3023 207 3079 sunt
229 3015 368 3099 similes,
396 3019 463 3084 nisi
484 3020 542 3098 iis,
575 3041 658 3104 quos
680 3018 813 3084 irruens
837 3019 952 3103 gravis
973 3015 1117 3101 languor

129 3134 149 3176 a
171 3113 242 3178 vita
262 3137 330 3180 non
351 3113 517 3181 subtrahit
527 3166 537 3200 ,
562 3115 620 3182 sed
636 3116 755 3180 leniter
771 3117 912 3204 veniens
930 3111 1075 3198 recidiva
1089 3109 1116 3196 9)

127 3212 231 3278 febris
253 3211 395 3278 occidit?
422 3213 634 3280 Admonendi
655 3223 734 3282 sunt
755 3214 856 3298 igitur
871 3215 1057 3300 patientes,
1080 3222 1117 3279 ut

136 3363 424 3379 ——u———t-——q

154 3450 206 3513 tli.
225 3464 247 3502 e.
265 3449 350 3502 rictus
366 3447 423 3517 init,
441 3448 584 3515 succubuit,
601 3462 619 3499 a
635 3448 767 3516 proposito
785 3446 888 3499 assitit
923 3445 1019 3498 Emona
1037 3453 1115 3517 meu

193 3535 313 3590 absoluta
330 3547 408 3604 saepe
425 3537 475 3589 hoc
494 3532 600 3588 verbum
617 3537 757 3604 usurpatur
773 3546 790 3586 a
808 3529 835 3586 S.
853 3529 988 3654 Gregorio.

149 3621 170 3692 ²)
187 3621 252 3679 Alit
269 3622 394 3677 rediviva
794 3637 796 3644 ‚
853 3703 874 3768 5
