2556 4150
498 233 540 306 '-
574 205 652 325 ⁵v1i
696 297 734 308 -

110 445 274 512 Autorcm
296 444 331 509 in
352 441 535 509 Pastcralis
558 445 631 529 ejus
652 441 806 527 Regulae
827 441 959 508 laudem
977 444 1116 532 scripsit

112 578 289 668 epistolam
297 626 308 659 ,
328 577 420 646 hunc
433 576 553 641 librum
570 574 734 663 nominat)
750 587 818 641 tum
834 599 895 663 pro
907 573 1113 662 pastoribus,

112 721 184 778 tum
206 734 266 799 pro
296 709 437 776 subditis
461 732 591 796 semper
613 709 751 792 habuit,
787 731 848 775 nec
877 731 942 773 non
971 727 1031 772 ceu
1056 679 1112 772 liu-

113 848 208 931 signe
230 844 410 932 pastoralis
430 805 630 931 prudentiae
662 843 893 910 documentum
917 850 949 906 et
969 839 1113 907 fervoris
1202 857 1205 872 ¹

110 979 363 1046 incitamentum
391 977 644 1042 commendavit.
687 977 786 1041 Hunc
816 939 849 1040 S
870 975 1024 1040 Leander
1052 972 1112 1037 Hi-

110 1112 283 1202 spalensis
306 1111 494 1198 Episcopus
517 1133 615 1198 quam
632 1110 773 1196 primum
789 1112 931 1197 accepit,
955 1128 1111 1173 reveren·

111 1257 166 1310 ter
196 1245 408 1311 exosculatus
437 1254 506 1326 est,
545 1254 577 1308 et
615 1246 650 1307 in
687 1241 839 1308 omnibus
867 1242 1112 1328 Hispaniarum

112 1378 263 1443 ecclesiis
298 1377 483 1462 evulgavit.
526 1377 625 1442 Hunc
647 1375 827 1441 Mauritius
849 1373 1023 1459 Augustus
1053 1394 1114 1459 per

110 1508 328 1575 Anastasium
350 1510 549 1576 Antiochiae
563 1509 766 1595 Episcopum
783 1510 855 1595 jam
879 1527 966 1572 anno
988 1503 1060 1570 597.
1078 1504 1117 1566 in

110 1641 262 1728 linguam
283 1666 440 1729 graecam
461 1642 728 1708 transferendum
748 1642 898 1722 curavit,
921 1661 1021 1726 quarn
1038 1637 1116 1723 qui„

111 1774 186 1841 dem
208 1778 396 1842 versionem
418 1798 572 1860 graecam
595 1788 806 1861 praemature
833 1773 1001 1838 interiissc
1013 1821 1024 1855 ,
1058 1793 1115 1835 ve·

111 1908 284 1974 hementer
307 1908 464 1974 dolemus.
499 1909 590 1988 Quid
612 1907 702 1995 quod
727 1917 760 1972 et
780 1907 941 1973 Alfredus
960 1903 1114 1972 occiden-

111 2000 231 2104 talium
255 2038 424 2104 Saxonum
445 2040 520 2136 Rex
542 2062 617 2104 eum
639 2041 795 2112 saxonice
816 2041 927 2105 vertit.

176 2171 384 2252 Quinetiam
403 2139 616 2288 conciliorum
638 2170 893 2280 provincialium
912 2173 1112 2238 auctoritate

111 2317 145 2374 et
165 2304 324 2372 laudatus
346 2316 397 2370 est
418 2319 655 2404 saepenumero
676 2315 709 2371 et
723 2303 983 2386 commendatus,
1006 2270 1117 2388 atque

109 2441 144 2504 in
173 2439 256 2525 ipsis
285 2439 386 2504 etiam
414 2438 562 2526 conciliis
596 2461 656 2527 pro
687 2448 858 2524 pastorum
891 2438 1110 2506 instructione
1148 2487 1151 2498 ι

112 2571 286 2636 consuevit
314 2572 474 2658 proponi,
506 2570 880 2699 leg1,'pastoribusquc
907 2595 968 2640 ceu
993 2530 1118 2637 norma¹

112 2714 145 2769 et
167 2677 373 2791 speculum
363 2705 515 2791 injungi,
538 2667 611 2771 ad
605 2682 736 2793 quaeat
753 2729 848 2772 suam
866 2706 971 2771 vitam
984 2724 1110 2816 mores·

113 2858 178 2922 que
200 2845 451 2924 componerent,
485 2845 518 2902 et
540 2825 625 2902 alios
645 2804 821 2904 (locarent.
856 2837 913 2903 Sic
932 2839 1041 2919 enirn,
1073 2845 1113 2900 ut

113 2989 222 3080 panea
245 2967 446 3037 solummodo
468 2917 683 3078 attipgaln,
674 2994 710 3035 ιιι
731 2938 872 3037 concilio
894 2969 1108 3056 Moguntino,

115 3119 203 3164 anno
225 3096 296 3168 813
318 3101 500 3186 celebrato,
523 3079 598 3214 post
618 3074 756 3215 Sacram
779 3101 985 3192 Scripturam
1006 3111 1111 3189 atque

114 3211 287 3297 Ecclesiae
317 3257 461 3303 canones
485 3236 676 3323 propositus
699 3245 751 3304 est
774 3235 829 3300 hic
849 3236 994 3320 liber,
984 3260 1020 3302 ιιι
1037 3257 1110 3330 quc

115 3364 273 3454 Episcopi
295 3376 524 3436 scrutarentur
549 3368 693 3458 „quibus
713 3369 820 3438 modis
837 3369 967 3458 (quac
958 3391 1032 3458 rpsa
1047 3367 1111 3434 hu·
1109 3331 1119 3350 Ι

110 3500 166 3586 jus
190 3497 357 3565 concilii
346 3522 384 3565 ιιι
403 3463 614 3609 praefatione
632 3488 711 3620 sunt
722 3477 842 3591 verba)
858 3513 980 3614 statum
994 3503 1112 3570 Eccle-

115 3630 182 3697 siae
205 3632 272 3697 Dei
295 3643 327 3699 et
351 3616 574 3702 Christianae
588 3623 698 3723 plebis
719 3637 919 3723 profectum,
944 3659 1028 3704 sana
1053 3613 1112 3703 do·
