2520 4152
573 133 713 199 -214
755 163 792 180 --

191 307 360 381 miliariam
389 303 601 391 relinquitur,
632 318 653 366 a
685 292 828 382 quodam
861 311 920 362 suo
953 297 1026 362 sina
1060 294 1181 366 labore

182 405 373 476 ,auersae
392 409 418 491 ¹)

461 524 534 590 CA
558 521 584 584 P
607 518 637 584 U
661 517 690 584 Τ
729 517 898 584 XXXIX.

190 629 284 698 Quod
313 621 660 683 infirmisrncntibus
687 622 826 674 omnino
849 637 916 674 non
941 619 1080 674 debant
1103 621 1182 676 alta

338 709 340 716 ⁴
575 708 791 774 praedicari.

251 794 424 864 Sciendum
447 812 524 856 vero
548 789 597 856 est
618 789 852 876 praedicatori,
876 800 914 865 ut
935 791 1099 857 auditoris
1124 794 1182 858 sui

190 901 332 966 smmum
356 893 445 958 ultra
465 890 553 954 vires
582 913 648 955 non
670 889 800 971 trahat,
834 912 876 956 ne
906 901 945 956 ut
973 893 1019 956 ita
1055 890 1183 976 dicam,
1240 880 1241 889 ¹

190 999 268 1066 dum
288 994 461 1083 plusquam
491 989 583 1054 valet
603 988 771 1069 tenditur,
801 991 921 1058 mentis
943 989 1066 1056 chorda
1089 1013 1181 1056 rum·

190 1111 296 1188 patur.
337 1090 412 1158 Alta
434 1090 518 1155 enim
534 1111 688 1175 quaeque
702 1088 824 1156 debent
838 1087 949 1155 multis
963 1088 1184 1156 audientibus

192 1193 332 1278 contegi,
359 1194 392 1253 et
420 1190 479 1254 vix
506 1191 622 1274 paucis
649 1189 783 1277 aperiri.
826 1189 916 1254 Hinc
943 1210 1089 1275 namque
1117 1210 1184 1276 per

191 1293 393 1376 semetipsam
415 1289 548 1354 Veritas
572 1286 664 1354 dicit:
686 1287 806 1371 Quis,
829 1300 969 1374 putas,
993 1300 1054 1354 est
1075 1289 1183 1354 fide·

189 1395 243 1460 lis
265 1391 544 1474 dispensator
573 1396 609 1450 et
632 1385 841 1472 prudens,
876 1411 995 1474 quem
1025 1391 1179 1455 consti·

187 1490 271 1556 tuit
294 1486 482 1552 dominus
504 1507 630 1574 super
657 1485 1017 1566 familiamsuam,
1046 1498 1089 1554 ut
1111 1487 1184 1554 det

187 1589 269 1654 illis
296 1587 339 1650 ‘in
368 1567 1067 1674 temporetriticimcnsuramff)
1109 1587 1178 1651 Per

184 1705 371 1754 mensuram
400 1686 661 1773 quippe.tritici
691 1687 891 1772 exprimitur
919 1683 1036 1751 modus
1069 1683 1179 1768 verbi,

184 1807 225 1852 ne
246 1805 320 1848 cum
341 1786 482 1868 angusto
510 1785 601 1850 cordi
627 1785 818 1873 incapabile
849 1782 981 1872 aliquid
1010 1781 1183 1870 tribuitur,

183 1892 280 1950 extra
301 1881 471 1948 fundatur.
515 1883 603 1950 Hinc
626 1883 754 1950 Paulus
776 1885 839 1950 ait:
862 1885 950 1952 Non
971 1885 1098 1969 potui·
1117 1907 1182 1950 vo·

69 2023 74 2038 ·
182 1984 249 2048 bis
276 1982 399 2068 loqui
431 1985 558 2069 quasi
592 1984 903 2072 spiritalibus,
940 1982 1017 2047 sed
1046 1987 1185 2068 quasi

181 2083 444 2149 carnalibus.
490 2083 714 2172 Tamquam
746 2082 954 2169 parvulis
985 2082 1028 2146 in
1060 2081 1181 2148 Obri-

181 2192 243 2248 sto
276 2182 343 2246 lac
375 2181 506 2247 v'obis
539 2192 689 2270 potum
725 2181 841 2262 dedi,
875 2201 956 2243 non
989 2183 1188 2270 escam.³)

179 2281 269 2348 Hinc
291 2282 424 2370 Moyses
446 2305 466 2344 a
490 2291 616 2346 secreto
638 2279 703 2344 Dei
732 2283 847 2344 exiens
875 2285 1103 2366 coruscantem
1127 2305 1188 2348 oo.

180 2403 252 2445 ram
273 2381 395 2466 populo
421 2379 542 2443 faciem
564 2379 668 2460 velnt3
698 2379 777 2463 quia
800 2375 951 2440 nimirum
975 2378 1086 2443 turbis
1109 2380 1183 2448 cla·

181 2480 293 2546 nitatis
313 2480 448 2544 intimae
471 2500 594 2543 arcana
607 2499 671 2541 non
694 2472 868 2560 indicat.“)
911 2474 999 2541 Hinc
1020 2498 1080 2564 per
1104 2499 1185 2544 eum

180 2579 295 2643 divina
315 2599 396 2642 voce
418 2577 632 2662 praecipitur,
655 2583 693 2640 ut
714 2575 742 2638 is
765 2575 822 2660 qui
840 2575 1018 2641 cisternam
1040 2575 1181 2661 foderit,

153 2695 155 2712 ¹
181 2679 211 2744 si
231 2678 359 2758 operire
373 2674 570 2757 neglexerit,
594 2683 769 2739 corruente
793 2676 830 2738 in
850 2695 891 2738 ea
905 2674 992 2740 bove
1014 2674 1068 2741 vel
1081 2678 1180 2744 asino
1241 2737 1242 2744 ,

181 2779 324 2866 pretium
345 2773 473 2854 reddat,
488 2771 513 2856 5)
537 2772 617 2858 quia
640 2773 683 2838 ad
699 2772 770 2839 alta
783 2774 943 2839 scientiae
953 2773 1080 2840 fluenta
1103 2797 1183 2863 per·
1241 2791 1242 2794 ’

182 2875 340 2954 veniens,
371 2895 444 2937 cum
474 2872 558 2938 haec
592 2872 683 2960 apud
715 2872 816 2939 bruta
838 2875 1045 2940 audientium
1075 2875 1183 2940 corda

179 2987 247 3042 non
268 2973 435 3056 contegit,
465 2994 594 3058 poenae
622 2995 702 3038 reus
723 2973 908 3056 addicitur,
941 2973 970 3039 si
992 2995 1051 3061 per
1071 2974 1179 3038 verba

181 3076 255 3160 ejus
276 3073 311 3136 in
334 3070 528 3136 scandalum
556 3074 628 3137 sive
654 3072 778 3136 munda
800 3072 871 3137 sive
893 3071 1063 3137 immunda
1085 3093 1183 3138 mens

181 3172 344 3260 capiatur.
387 3171 475 3234 Hinc
503 3170 548 3236 ad
569 3169 704 3238 beatum
724 3169 788 3236 Job
819 3169 954 3238 dieitur:
985 3169 1087 3250 Quis
1110 3170 1184 3236 de*

210 3347 233 3417 ¹)
252 3347 279 3401 S.
297 3348 416 3416 Gregorii
434 3333 528 3402 sensus
545 3349 589 3400 hic
606 3352 653 3413 ast,
673 3334 777 3400 evenire
798 3361 883 3416 posse,
901 3352 930 3399 ut
940 3346 1029 3400 filiales
1047 3347 1073 3400 iu
1089 3348 1184 3402 mino·

250 3435 323 3488 ribus
341 3436 411 3488 vitiis
429 3435 591 3503 aliquamdiu
611 3434 737 3486 tolerandi
756 3434 820 3500 sint,
839 3449 890 3502 quo
908 3431 1017 3490 facilius
1033 3448 1050 3485 a
1069 3433 1182 3503 majori·

250 3521 299 3573 bus
317 3521 442 3573 tollantur
459 3527 484 3573 et
492 3521 646 3573 eximantur.
664 3547 698 3557 -—
717 3517 737 3584 ²)
756 3521 848 3572 Matth.
866 3515 908 3586 243
926 3517 968 3572 45.
998 3517 1063 3588 Luc.
1082 3514 1125 3587 12,
1135 3517 1184 3588 42.
1241 3577 1242 3584 ,

208 3623 210 3634 ι
250 3635 284 3644 -
304 3603 326 3673 ³)
346 3606 368 3658 1.
387 3603 487 3673 oona,
507 3606 530 3658 1.
549 3601 619 3672 -q
639 3603 779 3673 nxouar,
798 3603 840 3661 aa
867 3633 896 3644 -
928 3591 1051 3672 aaron
1070 3603 1112 3672 ιι,
1131 3597 1182 3667 aa.
