2520 4152
513 165 738 240 *160-

127 337 323 419 diridimns,
343 348 377 406 et
398 346 511 406 nmen
533 339 593 404 soli
613 341 840 426 possidemur,
863 342 1000 434 qnando
1014 353 1141 426 storf.

125 438 232 503 terius
253 435 320 502 late
344 437 627 524 praedicationem
647 439 848 524 funum,-
866 451 901 506 et
928 451 1039 514 tamen
1059 463 1136 530 per.

128 557 202 601 snm
224 535 388 604 dumanas
407 536 524 604 laudes
545 541 682 625 assequi
703 540 837 606 minime
859 539 1030 608 ambimur.
1080 535 1083 540 ¹
1116 605 1118 612 ,

454 719 646 788 CAPUT
679 713 789 788 XXV.

128 838 303 907 Quomodo
321 838 541 904 admonendi,
567 840 625 904 qni
651 839 819 894 officium
847 841 1130 908 praedicationis,

165 928 270 980 nimia
297 925 498 990 humilitate
522 925 723 992 detrectant,
749 931 783 978 et
807 928 863 994 qni
888 926 1078 995 praecipiti

401 1008 647 1062 festinatione
665 1017 852 1079 occupant.

188 1148 296 1213 Aliter
311 1142 512 1212 admonendi
525 1156 619 1226 sunt,
645 1149 702 1231 qui
719 1169 792 1210 oum
808 1146 1004 1233 praedicare
1020 1145 1137 1230 digne:

125 1246 268 1326 valeant,
291 1265 372 1330 prae
394 1245 496 1308 nimia
515 1242 703 1308 humilitate
719 1245 914 1329 forntidant3
936 1255 1038 1333 atque
1059 1243 1121 1312 alia

125 1357 182 1410 ter.
199 1343 400 1409 admonendi
429 1354 524 1424 sunt,
559 1365 642 1430 quos
670 1365 690 1408 a
717 1343 969 1428 praedieatione
998 1347 1122 1431 imper·

124 1444 223 1509 feetio
245 1443 298 1506 vcl
321 1453 416 1508 aetas
437 1440 608 1528 prohibet,
632 1452 795 1508 ettamen
817 1445 1048 1532 praecipitatio
1061 1447 1122 1509 im·

125 1542 232 1631 pellit.
274 1540 484 1606 Admonendi
512 1563 655 1628 namque
677 1555 772 1624 snut,
806 1546 865 1631 qni
894 1569 967 1610 oum
989 1547 1121 1632 praedi·

125 1665 202 1706 care
223 1641 350 1706 utiliter
372 1654 531 1727 possunt,
555 1641 770 1708 immoderata
797 1651 910 1710 tamen
936 1646 1122 1713 humilitate

124 1740 315 1824 refugiunt,
354 1752 391 1805 nt
425 1764 468 1804 ex
496 1743 617 1806 minori
646 1744 913 1810 consideratione
947 1744 1121 1830 colligant,

126 1849 288 1925 quantum
318 1841 353 1904 in
381 1840 566 1924 majoribus
595 1841 696 1908 rebus
725 1843 931 1929 delinquant.
976 1844 1011 1910 Si
1035 1849 1128 1910 enim

125 1937 356 2022 indigentibus
385 1942 547 2025 proximis
577 1942 663 2025 ipsi,
700 1965 785 2030 quas
820 1945 984 2010 haberent
1024 1967 1122 2029 pecu·

126 2038 201 2102 nias
223 2035 481 2116 absconderent,
512 2039 683 2127 adjutores
709 2040 734 2130 ¹)
763 2045 877 2130 procul
905 2045 1004 2108 dnbio
1034 2044 1129 2108 esla-v

126 2138 252 2202 mitatis
274 2140 473 2205 extitissent.
516 2139 592 2220 Quo
614 2163 692 2227 ergo
713 2154 809 2207 reatu
835 2144 1119 2224 constringantur,

129 2240 313 2322 aspiciant,
350 2240 409 2324 qni
442 2241 518 2304 dnm
548 2241 764 2326 peccantibus
791 2239 951 2304 fratribus
983 2237 1120 2302 verbum

104 2379 106 2383 -
127 2337 385 2423 praedicationis
408 2339 627 2420 subtrahunt,
651 2337 864 2404 morientibus
882 2331 1047 2396 mentibus
1068 2335 1118 2396 vi·

127 2448 183 2500 tae
205 2436 351 2502 remedia
374 2437 591 2503 abscondunt.
636 2435 731 2500 Unde
754 2444 786 2496 et
808 2433 893 2496 bene
912 2429 1047 2516 quidam
1065 2453 1118 2496 sn-

129 2537 226 2620 picns
252 2535 347 2601 dicit:
378 2536 594 2624 Sapientia
617 2531 870 2596 abscondita
893 2538 932 2595 et
954 2530 1119 2596 thesau-

128 2657 200 2698 rus
228 2637 409 2718 inv'isns,
447 2655 553 2721 qnae
585 2631 752 2694 utilitas
780 2630 823 2695 in
853 2629 1119 2718 ¹utrisqne‘?²)

130 2733 166 2796 st
186 2734 328 2820 populos
349 2737 460 2799 fames
474 2739 640 2809 attereret,
661 2739 694 2792 et
714 2729 845 2796 occulta
866 2730 1034 2797 frumenta
1056 2735 1121 2820 ipsi

128 2848 316 2917 servarent,
352 2842 502 2898 auctores
523 2827 641 2913 procul
663 2827 764 2896 dnbio
792 2833 906 2896 mortis
927 2834 1120 2897 existerent.

129 2931 207 3010 Qua
225 2917 341 3020 'itaque
362 2925 529 3016 plectendi
551 2939 629 2992 sunt
650 2951 775 3015 poena,
799 2930 1024 3014 considerent,
1060 2933 1119 3016 qni

128 3055 201 3099 cum
229 3035 316 3098 fame
340 3027 434 3094 verbi
461 3029 591 3092 animae
622 3039 782 3115 pereant,
814 3031 879 3117 ipsi
900 3054 1021 3118 panem
1043 3053 1118 3119 per-

128 3144 245 3219 ceptae
273 3129 401 3213 gratiae
428 3147 495 3192 non
521 3130 719 3197 ministrant.
762 3131 861 3196 Unde
895 3143 927 3197 et
954 3131 1037 3203 bene
1060 3151 1122 3217 per

129 3233 339 3298 Salomonem
360 3225 495 3293 dicitur:
531 3229 616 3308 Qui
647 3230 873 3296 abscondit
894 3231 1118 3312 frumenta,

128 3327 428 3396 maledicetur
450 3328 492 3392 in
514 3329 702 3416 populis!
721 3327 747 3418 3)
790 3333 972 3396 Frumenta
996 3331 1123 3417 qnippe

126 3427 330 3494 abscondere
352 3441 402 3496 est
421 3428 680 3516 praedicationis
705 3440 839 3496 sanetae
861 3431 951 3519 apud
965 3454 1001 3496 se
1017 3419 1121 3497 rerba

130 3571 416 3586 ——-—-——--...-„

157 3613 185 3708 ¹¹)
204 3642 269 3699 Alit.
287 3651 414 3701 auctores.
434 3674 465 3682 -
486 3643 505 3710 ²)
523 3643 603 3698 Ectli·
621 3643 662 3712 20,
681 3642 723 3698 32·
743 3672 772 3683 -
794 3643 813 3709 ³)
822 3601 905 3698 'P1'0b
925 3643 965 3709 11,
984 3642 1028 3700 25·
