2556 4150
325 255 336 307 r
521 176 725 250 ’ω’

123 353 170 424 nt
185 355 232 412 tia
252 343 306 410 ad
323 344 636 432 paenitentiam
656 340 995 430 praecurrenti)
1038 345 1125 421 Ρεαὸ

122 443 247 537 phetae
259 443 386 530 quippe
396 442 432 508 in
454 462 551 508 sacro
563 439 701 529 eloquio
717 459 957 533 nonunquam
965 439 1122 524 ieram

121 553 296 624 vocantur,
320 540 379 627 qni
391 539 471 606 dium
490 538 638 624 fugitiva
660 561 734 610 ease
746 538 940 625 praesentia
960 537 1120 628 indicant,

123 650 301 732 quassum
315 648 472 721 ventura,
495 637 720 706 manifestant.
757 635 851 718 Quos
864 637 999 709 divinus
1012 665 1119 720 serrae

121 741 211 810 ialaa
240 737 353 805 videre
374 735 563 821 redarguit3
594 737 674 823 quia
708 735 786 806 dnm
806 736 972 824 corripere
1001 741 1119 829 culpas

122 848 285 921 memrot,
298 839 468 903 incassum
476 833 925 934 delinquentibnspinmissa
935 842 1118 920 securitate

122 938 361 1005 blandiuntur:
384 934 442 1021 qni
451 933 664 1020 iniquitatem
677 936 887 1022 peccantium
901 953 1118 1026 nequaquam

121 1037 297 1126 aperiunt,
332 1035 411 1120 quia
432 1031 476 1099 ab
507 1033 747 1120 increpationis
769 1054 851 1100 voce
881 1036 1118 1114 conticescunt.

122 1136 238 1203 Olario
268 1134 394 1220 qnippe
429 1131 613 1217 apertionis
652 1139 703 1196 est
737 1153 844 1199 sermo
880 1137 1117 1222 correptionis,

122 1236 205 1323 quia
225 1230 428 1318 increpando
443 1227 469 1317 2)
493 1229 628 1317 culpam
649 1228 787 1315 detegit,
812 1253 912 1318 quam
935 1255 1036 1320 saepe
1059 1258 1119 1302 ne·

123 1333 186 1399 scit
207 1334 278 1418 ipso
300 1331 420 1411 etiam,
449 1330 509 1415 qni
530 1331 748 1416 perpetravit.
791 1331 879 1398 Hine
900 1333 1029 1400 Paulus
1053 1336 1117 1405 ait:

124 1432 180 1498 Ut
200 1440 357 1516 potens
380 1428 436 1493 sit
457 1428 682 1500 exhortari
703 1430 747 1496 in
769 1430 979 1497 doctrina
1002 1455 1115 1516 sana,

121 1542 166 1597 at
188 1551 281 1612 eos,
312 1528 385 1615 qni
406 1525 723 1611 contradicunt,
744 1551 942 1612 arguere.
960 1530 986 1618 3)
1028 1532 1118 1606 Hinc

120 1653 182 1719 per
203 1628 408 1696 Malachiam
437 1626 576 1692 dicitur:
601 1624 739 1692 Labia
768 1627 1023 1712 sacerdotis
1052 1651 1117 1704 cn·

122 1728 335 1794 stodiunt
365 1727 608 1806 scientiam,
644 1735 685 1790 et
713 1724 852 1812 legem
885 1731 1117 1814 requirent

121 1849 172 1893 cx
193 1849 262 1892 ora
293 1828 406 1913 ejus,
438 1826 541 1910 quia
570 1823 768 1908 Angelus
797 1825 968 1892 Domini
989 1849 1116 1894 exer·

123 1927 279 1990 citnum
301 1923 411 2009 εσυ)
453 1923 611 2009 Hincper
626 1923 752 1990 lsaiam
763 1922 927 1994 Dominus
950 1925 1116 2010 admonet,

123 2023 256 2090 dicens:
291 2021 450 2106 Clamo,
485 2045 535 2090 ne
565 2043 725 2103 cesses,
756 2025 888 2108 qnasi
914 2026 1114 2092 tubaex·

122 2123 212 2191 alta
233 2113 373 2189 vocem
401 2117 564 2205 tuom.⁵)
609 2121 791 2189 Praeconis
820 2123 944 2208 quippe
972 2122 1115 2190 officium

121 2224 278 2310 suscipit,
309 2223 464 2312 quisquis
492 2219 535 2288 ad
567 2219 788 2294 sacerdotium
810 2219 955 2299 accedit,
978 2230 1015 2287 nt
1036 2232 1114 2286 ante

118 2321 303 2388 adventum
321 2321 458 2408 judicis,
482 2322 540 2408 qui
558 2319 752 2388 terribiliter
774 2321 935 2407 seqnitur,
958 2321 1029 2408 ipse
1051 2321 1113 2387 sci-

119 2419 198 2486 licet
219 2420 395 2488 clamando
416 2411 600 2506 gradiatur.
645 2419 809 2486 Sacerdos
824 2442 905 2506 ergo
930 2421 958 2488 si
979 2419 1112 2507 praedi-

119 2522 259 2588 cationis
281 2530 332 2587 est
353 2522 505 2603 nescius,
537 2543 637 2608 quam
658 2520 814 2591 clamoris
837 2540 950 2587 vocem
972 2519 1113 2595 daturus

119 2629 170 2688 aet
190 2642 311 2708 praeco
333 2621 468 2686 mutus?
499 2619 590 2686 Hinc
610 2629 661 2687 est
683 2622 770 2687 enim
782 2669 792 2702 ,
816 2618 905 2706 quod
926 2641 1028 2707 super
1048 2621 1111 2686 Pa·

119 2732 227 2788 stores
248 2721 373 2808 primos
395 2721 430 2783 in
459 2719 649 2806 linguarum
673 2720 783 2808 specie
808 2717 952 2808 Spiritus
975 2729 1111 2786 sanctus

118 2819 254 2901 insedit,
270 2821 296 2906 ⁰)
320 2821 400 2908 quia
413 2819 582 2901 nimirum,
605 2820 891 2908 qnosrepleverit,
915 2819 955 2883 de
979 2841 1013 2884 se
1035 2840 1111 2909 pro·

120 2919 213 2984 tinus
234 2918 409 3005 loquentes
432 2919 523 2990 facit.
536 2919 562 3004 τ)
601 2917 689 2984 Hinc
703 2918 811 3008 Moysi
832 2917 1051 3012 praecipitur,
1075 2925 1112 2982 ut

115 3017 374 3086 tabernaculum
396 3019 552 3088 sacerdos
573 3017 768 3102 ingrediens·
779 3015 1020 3094 tintinnabulis
1042 3040 1110 3084 am·

154 3195 173 3256 ¹)
192 3192 285 3249 Thrac.
302 3195 328 3264 2,
347 3197 388 3249 14.
414 3226 446 3234 -
472 3197 496 3266 ²)
516 3197 580 3249 Alit
597 3195 747 3265 increpatio.
775 3226 806 3234 -
840 3195 927 3259 'tiit
947 3195 969 3263 1,
980 3197 1012 3262 ,9.
1032 3227 1064 3236 -
1089 3193 1110 3260 4)

194 3280 300 3334 Malach
317 3284 342 3348 2,
362 3286 386 3334 7.
405 3313 438 3322 -
458 3282 477 3343 ⁵)
493 3284 559 3337 Isai.
576 3283 619 3349 58,
637 3283 661 3336 1.
681 3309 710 3320 ·-
731 3280 751 3345 ε)
769 3284 827 3334 Aet.
846 3285 870 3350 2,
889 3281 914 3336 3.

146 3365 170 3434 ⁷)
187 3367 255 3433 „Per
270 3366 355 3434 ignom
374 3370 476 3437 quidem
495 3370 621 3423 Dominus
647 3368 784 3435 apparuit,
807 3369 854 3426 aeti
871 3383 917 3437 per
942 3367 1109 3450 semetipsum

187 3452 342 3508 locutionem
351 3454 458 3508 interius
466 3454 535 3511 iecit.
560 3452 852 3524 EtnaqueignisDaus,
864 3451 1109 3524 neqneillesqnitpe

185 3537 246 3601 fuit,
262 3542 309 3594 sei
328 3557 375 3611 per
391 3541 448 3607 hac,
466 3542 535 3610 qnni
546 3541 661 3614 exterius
676 3537 803 3606 amnuit,
820 3538 951 3610 expressit
963 3525 1027 3619 hep,
1041 3540 1110 3608 quoi

185 3625 297 3681 interius
313 3627 404 3696 gasali
439 3626 510 3696 Quia
526 3627 594 3682 anim
612 3622 757 3698 disprnloe
780 3628 806 3680 et
828 3613 1058 3689 solesmenses,
1084 3631 1111 3678 et
