2520 4152
489 215 535 242 ···-
578 191 640 258 ll‘l
683 224 722 240 -

106 360 278 448 conjugiis
310 359 434 446 quippe
470 347 624 424 terrenae
653 353 897 424 sollicitudines
927 353 1111 444 prodeam

109 458 293 527 etidcirco
315 458 477 542 magister
505 457 655 541 gentium
677 453 847 529 auditores
877 477 956 521 suos
976 454 1021 520 ad
1041 477 1108 520 ma·

110 559 204 626 liora
224 558 407 644 persuasit,
442 578 484 620 ne
507 552 731 621 sollicitudine
753 565 886 620 terrena
909 551 1108 638 ligarentur.

110 657 226 737 ‘Quem
246 657 349 740 igitur
376 654 539 721 caelibem
567 675 723 720 curarum
750 652 954 720 secularium·
969 655 1108 742 impedi·
1215 685 1222 708 s

109 764 261 822 mentum
282 753 474 840 praepedit,
496 764 530 819 et
551 753 709 840 conjugio
734 775 770 818 se
792 774 1006 839 nequaquam
1030 755 1108 821 sub-
1204 785 1208 791 ·

112 853 212 937 didit,
236 863 270 918 et
290 862 402 918 tamon
424 852 572 939 conjugii
604 871 707 916 onera
729 873 797 917 nou
827 853 942 918 evasit.
984 853 1108 919 Admu‘·

112 953 215 1020 nendi
243 961 322 1018 sunt
354 951 519 1034 caelibes,
553 974 596 1017 ne
624 951 696 1017 sine
728 948 951 1018 damnationis
978 952 1108 1038 judicio

112 1053 245 1120 misceri
275 1073 310 1115 se
343 1037 486 1116 feminis
505 1049 705 1117 vacantibus
734 1057 863 1137 putent.
907 1050 991 1116 Cum
1020 1052 1109 1119 enim

107 1151 241 1218 Paulus
262 1149 495 1218 fornicationis
515 1151 632 1218 vitium
652 1159 701 1216 tot
732 1147 926 1216 criminibus
948 1171 1107 1222 execran-

111 1251 168 1320 dis
189 1252 341 1332 inseruit,
362 1251 459 1336 eujus
481 1253 525 1316 sit
545 1260 659 1316 reatus
681 1249 853 1331 indicavit,
877 1248 1011 1314 diceus:
1031 1249 1108 1314 Ne·

114 1373 194 1438 que
228 1349 539 1432 fornicatores,
571 1371 718 1436 neque
747 1347 888 1414 idolis
918 1350 1109 1416 servien—

10 1445 13 1450 ’
110 1463 202 1531 tes,
226 1471 360 1536 neque
383 1448 595 1530 adulteri,
626 1471 765 1536 neque
788 1448 952 1532 molles,
975 1469 1109 1535 neque

114 1549 395 1615 masculorum
429 1548 755 1632 concubitores,
792 1571 939 1636 neque
979 1549 1108 1628 fures,
1155 1578 1159 1584 ·

111 1671 255 1737 neque
278 1647 423 1730 avari,
446 1669 589 1732 neque
616 1645 802 1728 ebriosi,
826 1668 965 1733 neque
987 1645 1107 1712 male-

113 1747 228 1831 dici,
262 1769 397 1834 neque
432 1770 636 1836 rapaces
666 1737 839 1833 reguum
868 1745 949 1810 Dei
977 1747 1107 1834 possi·

111 1845 284 1920 debunt.
306 1849 331 1932 ¹)
375 1847 420 1911 Et
446 1866 593 1913 rursum:
630 1847 939 1914 Fornicatoree
970 1855 1108 1911 autem

113 1957 158 2011 et
185 1944 407 2012 adulteros
431 1944 658 2033 judicabit
686 1946 810 2029 Deus.
829 1948 855 2028 ²)
897 1945 1109 2012 Admonendi

73 2101 82 2120 ,
115 2045 235 2131 itaque
257 2053 350 2127 sunt,
382 2056 418 2111 ut
441 2047 469 2110 si
490 2046 710 2111 tentationum
737 2045 903 2131 procellas
925 2069 999 2112 cum
1022 2043 1108 2111 diffi-

117 2142 244 2210 cultate
280 2143 398 2210 salutis
430 2145 596 2228 tolerant,
631 2146 781 2234 conjugii
815 2155 947 2232 portum
979 2151 1108 2232 petant.

112 2241 284 2330 ¹Scriptum
299 2266 442 2334 namque
456 2254 523 2309 est:
543 2244 695 2310 Melius
718 2254 778 2310 est
800 2244 968 2330 nubere,
993 2266 1111 2331 quam

109 2341 235 2427 uri.⁸)
280 2341 360 2408 Sine
389 2343 486 2429 culpa
514 2344 639 2410 seilicet
662 2343 704 2410 ad
733 2345 926 2431 eonjugium
956 2345 1107 2426 veniunt,

114 2443 148 2506 si
170 2450 281 2508 tamen
308 2441 451 2508 necdum
479 2445 617 2511 meliora
644 2457 818 2512 voverunt.
839 2447 867 2530 “l
911 2445 996 2513 Nam
1019 2446 1108 2534 quis·

116 2542 196 2628 quis
218 2543 340 2608 bonum
361 2543 470 2630 majus
493 2543 604 2610 subire
629 2547 822 2634 proposuit,
845 2545 969 2614 bonum
989 2542 1108 2629 minus,

142 2778 319 2832 ¹1.00r.6
373 2821 379 2835 .
433 2783 536 2832 .—-²
632 2822 641 2838 .
724 2781 894 2836 adt.
964 2825 970 2838 .
1048 2813 1106 2840 .—

154 2778 163 2846 )
185 2862 206 2930 ⁴)
225 2781 766 2936 congrdudtddsvaridedeidrond3¹<1u0u
784 2874 825 2920 est
841 2783 1108 2936 dertgddrpddrdssro

147 2953 154 2964 '
187 2951 217 3003 do
243 2951 386 3004 meliori
412 2952 477 3005 bono
500 2953 583 3006 libera
610 2955 743 3007 voluntate
766 2955 821 3004 Deo
845 2953 922 3007 saeta.
958 2953 1108 3008 Gsstitatem

184 3040 272 3088 autem
291 3037 354 3089 mel
365 3037 418 3090 ius
436 3039 613 3104 essebonum,
633 3052 723 3090 sacrae
736 3037 886 3105 scripturae
904 3037 936 3104 (1.
947 3038 1004 3090 Gor.
1024 3041 1047 3104 7,
1065 3037 1108 3096 38.

187 3121 240 3174 lsai
257 3123 308 3190 56,
335 3124 456 3192 datque
479 3124 541 3178 alibi
560 3125 677 3193 saepius)
699 3129 724 3176 et
741 3125 847 3176 Petrum
871 3124 975 3178 traditio
993 3127 1110 3180 unanimi

186 3222 249 3262 voce
266 3213 401 3263 minatur.
434 3212 574 3281 „Invenies
591 3211 686 3263 multos
704 3223 737 3262 ex
755 3209 867 3276 nostris,
884 3210 971 3278 inquit
987 3213 1109 3267 Athena-

186 3308 266 3361 goras
284 3295 310 3347 in
328 3297 449 3365 Apolop,
467 3303 492 3350 et
509 3297 580 3349 viros
598 3303 623 3350 et
639 3293 764 3360 feminas,
787 3295 833 3362 qui
851 3296 879 3348 in
897 3295 1025 3350 coelibatu
1042 3313 1109 3360 oon-

169 3387 333 3448 aeneseuut,
352 3384 421 3450 quod
439 3385 493 3436 Deo
503 3382 692 3453 conjunctiores
701 3381 833 3451 sperant.“
851 3409 885 3420 -
903 3381 1017 3435 castitas
1030 3383 1111 3454 juxte

184 3465 211 3520 S.
230 3467 355 3520 Thomam
374 3471 400 3520 2.
416 3469 442 3521 2.
461 3484 486 3536 q.
505 3468 546 3521 16.
565 3484 590 3522 s.
607 3467 631 3521 3.
656 3469 768 3522 maxime
785 3467 899 3537 disponit
921 3469 1050 3522 hominem
1075 3472 1114 3524 ed

183 3551 366 3621 perlectionem
384 3555 568 3608 intellectualis
585 3554 753 3624 operationir;
771 3559 876 3608 econtra
892 3568 926 3608 ex
942 3554 1112 3612 incontinen-

184 3638 223 3692 tis
242 3640 356 3694 caecitas
373 3642 466 3696 manus
482 3640 572 3698 oritur.
663 3693 669 3700 .

772 3741 836 3808 888
