2556 4150
563 157 893 259 “oe*·.

165 309 354 412 biatur‚'')'
368 329 407 388 ut
426 321 585 390 videlieet
616 341 714 391 voees
742 322 1004 411 praedieationii
1017 327 1161 413 :idaeo
1263 385 1264 416 ,

164 445 208 490 ne
230 420 368 512 superni
390 423 590 509 spectatoris
606 421 773 510 judieium
795 445 838 488 ex
859 423 993 492 silentio
1004 425 1161 514 offendat,-
1263 439 1264 454 ¹

166 523 335 610 Seriptum
371 522 497 608 quippe
532 531 601 588 est:
638 522 700 588 Ut·
725 521 938 589 audiatur
974 527 1157 608 sonitus,

166 618 332 708 quando
359 617 603 704 ingreditur
632 630 672 686 et
702 621 932 705 egreditur
962 635 1158 694 sanetum

64 763 66 766 -
163 721 273 786 rium
294 720 337 784 in
366 729 597 805 conspeetu
626 717 814 802 Domini,
845 731 885 785 et
905 744 986 788 non
1011 724 1160 792 moria·

163 829 242 884 tur.
257 819 283 906 ²)
327 816 492 886 Sacerdos
513 839 658 906 namque
685 818 881 906 ingrediens
902 816 959 885 vel
980 820 1158 905 egrediens

162 918 316 1000 moritur,
350 918 378 981 si
405 917 446 981 de
470 939 511 984 eo
540 921 670 986 sonitus
691 941 759 986 non
780 919 935 986 auditur:
964 920 1045 1006 quia
1076 922 1158 988 nam
1263 917 1264 920 '

162 1025 278 1085 eontra
301 1040 337 1082 se
359 1017 479 1082 occulti
495 1018 622 1104 judicis
644 1020 766 1104 exigit,
790 1018 818 1082 si
841 1018 913 1084 sine
934 1017 1157 1106 praedicatio.-

161 1118 215 1182 nis
239 1115 349 1180 sonitu
372 1114 516 1180 incedit
549 1115 638 1204 Apte
667 1129 779 1184 antem
805 1119 1033 1184 tintinnabula
1057 1121 1157 1186 vesti-

161 1217 283 1281 mentis
294 1213 386 1278 illins
400 1214 635 1282 deseribuntur
644 1217 787 1282 inserta:
814 1217 1022 1284 Vestimenta
1034 1221 1156 1286 etenim

161 1313 344 1380 sacerdotis
372 1314 454 1400 quid
486 1313 577 1379 aliud
611 1335 712 1401 quam
743 1327 837 1381 reeta
865 1337 968 1404 opera
999 1317 1155 1395 debemus

160 1412 334 1498 accipere?
356 1410 525 1498 Propheta
536 1423 717 1478 attestante
731 1416 789 1499 qui
811 1416 874 1478 ait:
897 1414 1155 1484 Sacerdotes

160 1512 224 1576 tui
247 1509 476 1574 induantur
492 1512 725 1597 justitiam.
742 1511 768 1596 3)
813 1513 1157 1603 Vestimentisitaqne

159 1612 248 1676 iliius
270 1607 495 1687 tintinnabula
505 1608 692 1691 inhaerent,
715 1619 753 1674 ut
774 1611 865 1675 vitae
883 1615 973 1676 viam
995 1617 1071 1677 enm
1091 1616 1155 1682 lin·

160 1734 248 1798 guae
271 1711 383 1776 sonitu
404 1709 479 1792 ipsa
494 1729 626 1793 quoque
638 1707 819 1774 saeerdotis
831 1732 936 1797 opera
958 1711 1154 1801 elementi)

161 1810 229 1876 Sed
251 1832 324 1873 oum
345 1810 468 1873 Reotor
494 1827 529 1870 se
559 1805 828 1893 adloquendum
858 1817 1059 1896 praeparat,
1090 1811 1155 1877 snb

160 1916 285 1996 quanto
321 1905 475 1971 dautelae
503 1899 616 1970 studio
641 1905 815 1992 loquetur,
851 1908 1004 1974 attendat
1010 1958 1021 1991 ,
1049 1932 1091 1975 ne
1123 1913 1157 1976 'si

160 2008 349 2074 inordinate
377 2005 422 2070 ad
443 2003 647 2092 loquendum
675 2006 825 2092 rapitur,
858 2009 982 2075 erroris
1014 2008 1155 2076 vulnere

160 2107 365 2174 audientium
388 2105 488 2171 eorda
508 2104 684 2188 feriuntur,
709 2117 741 2171 et
764 2127 838 2172 eum
855 2108 997 2173 fortasse
1020 2109 1154 2196 sapiens

160 2205 268 2275 videri
289 2205 475 2288 desiderat,
498 2205 638 2270 unitatis
658 2225 848 2294 compagem
878 2209 1074 2294 insipienter
1097 2207 1154 2273 ab·

162 2307 280 2374 soidat.
322 2305 412 2371 Hine
441 2325 586 2390 nemque
608 2304 745 2368 Veritas
773 2305 870 2390 dieii:
903 2305 1066 2374 Habete
1090 2308 1154 2374 sal

139 2409 200 2474 -in
223 2405 364 2486 vobis,
388 2413 432 2467 et
454 2425 596 2490 paoem
616 2401 772 2468 habete¹
794 2405 906 2469 inter
927 2405 1046 2492 vos.⁵)
1089 2409 1154 2473 Per

160 2506 210 2574 sal
232 2505 357 2592 quippe
386 2503 483 2569 verbi
512 2503 678 2587 sapientia
705 2501 910 2588 designatur.
955 2503 1022 2584 Qui
1051 2507 1155 2591 igitur

158 2606 252 2695 loqui
273 2604 445 2690 sapienter
467 2601 601 2681 nititur,
632 2623 835 2689 magnopere
856 2614 994 2687 metuat,
1017 2629 1057 2669 ne
1079 2607 1155 2692 ejus

157 2763 447 2786 --------

228 2851 306 2907 verbo
325 2849 440 2904 eruditos
458 2849 529 2898 intus
556 2847 677 2913 reddidit,
705 2847 770 2900 foris
788 2849 895 2916 linguas
923 2851 1014 2916 igneas
1034 2851 1154 2904 ostendit.

228 2941 260 2992 In
285 2933 475 3006 significatione
501 2933 582 3000 igitur
597 2933 700 2987 admota
726 2939 787 2985 sunt
803 2935 945 3000 elementa,
979 2939 1006 2986 ut
1023 2936 1110 3002 ignem
1128 2941 1156 2989 ot

228 3024 343 3076 sonitum
361 3021 483 3073 sentirent
501 3031 621 3088 corpora,
645 3019 706 3086 igne
722 3033 785 3072 roro
803 3019 946 3088 invisibili,
969 3028 995 3074 et
1017 3035 1081 3074 roae
1097 3023 1158 3076 sine

229 3109 315 3162 sonitu
334 3105 486 3160 docerentur
502 3106 587 3158 sorde.
623 3106 699 3158 Foris
716 3119 780 3172 ergo
796 3102 848 3157 fuit
863 3106 944 3173 ignis,
963 3108 1007 3175 qui
1025 3109 1156 3176 apparuit,

229 3195 275 3249 ssd
292 3195 381 3260 intus,
408 3191 454 3260 qui
482 3191 616 3243 scientiam
645 3191 739 3243 dedit.“
773 3190 800 3243 S.
819 3191 926 3260 Gregor.
943 3193 1041 3262 Expos.
1060 3194 1155 3246 Moral.

227 3279 274 3334 lib.
290 3277 335 3336 28.
351 3293 375 3330 o.
394 3276 417 3329 1.
449 3275 568 3344 Linguae
585 3277 680 3328 donum
697 3279 723 3328 at
739 3275 790 3330 zeli
806 3279 987 3346 praerogativo
1004 3284 1044 3331 ast
1061 3296 1077 3331 e
1095 3282 1154 3334 viro

223 3361 371 3436 'apostolico
388 3363 553 3418 ostendenda.

186 3455 204 3517 ¹)
222 3451 306 3505 Exod.
323 3449 366 3519 28,
383 3448 427 3507 33.
445 3479 477 3490 -
496 3449 516 3512 ²)
534 3449 617 3502 Exod.
634 3449 676 3517 28,
693 3449 734 3503 35.
754 3477 785 3487 —
806 3447 825 3512 ³)
843 3451 886 3502 Pe.
905 3448 963 3517 131,
981 3451 1006 3502 9.

161 3524 164 3546 ⁵
186 3535 210 3606 ι)
227 3537 354 3593 Ailudero
376 3534 479 3590 videtur
501 3531 529 3590 S.
547 3534 655 3605 Gregor.
682 3537 715 3590 ad
736 3529 803 3603 iila,
827 3549 894 3602 quoe
917 3535 1040 3602 leguntur
1071 3537 1154 3592 Esou.

157 3619 160 3624 ’
227 3621 293 3694 'Gap
311 3625 353 3679 ts.
374 3638 441 3678 vers.
461 3621 502 3678 10.
520 3626 545 3676 et
562 3623 606 3680 11.
625 3652 654 3661 -
686 3623 705 3690 ⁵)
721 3621 804 3675 Mart.
821 3621 848 3686 9,
865 3615 908 3673 49'.
