<?xml version="1.0" encoding="UTF-8"?>
<!DOCTYPE html PUBLIC "-//W3C//DTD XHTML 1.0 Transitional//EN"
    "http://www.w3.org/TR/xhtml1/DTD/xhtml1-transitional.dtd">
<html xmlns="http://www.w3.org/1999/xhtml" xml:lang="en" lang="en">
 <head>
  <title>
</title>
<meta http-equiv="Content-Type" content="text/html;charset=utf-8" />
  <meta name='ocr-system' content='tesseract 3.04.00' />
  <meta name='ocr-capabilities' content='ocr_page ocr_carea ocr_par ocr_line ocrx_word'/>
</head>
<body>
  <div class='ocr_page' id='page_1' title='image "./sgregoriipapaei00westgoog_0119.png"; bbox 0 0 2554 4172; ppageno 0'>
   <div class='ocr_carea' id='block_1_1' title="bbox 551 125 752 204">
    <p class='ocr_par' dir='ltr' id='par_1_1' title="bbox 551 125 752 204">
     <span class='ocr_line' id='line_1_1' title="bbox 551 125 752 204; baseline 0.01 -2"><span class='ocrx_word' id='word_1_1' title='bbox 551 125 752 204; x_wconf 44' lang='lat' dir='ltr'>en·-</span> 
     </span>
    </p>
   </div>
   <div class='ocr_carea' id='block_1_2' title="bbox 154 289 1160 870">
    <p class='ocr_par' dir='ltr' id='par_1_2' title="bbox 154 289 1160 870">
     <span class='ocr_line' id='line_1_2' title="bbox 154 289 1160 383; baseline -0.012 -11"><span class='ocrx_word' id='word_1_2' title='bbox 154 317 214 372; x_wconf 74' lang='lat' dir='ltr'>oar</span> <span class='ocrx_word' id='word_1_3' title='bbox 234 307 309 383; x_wconf 78' lang='lat' dir='ltr'>port</span> <span class='ocrx_word' id='word_1_4' title='bbox 328 295 505 372; x_wconf 68' lang='lat' dir='ltr'>victoriam</span> <span class='ocrx_word' id='word_1_5' title='bbox 524 292 695 372; x_wconf 64' lang='lat' dir='ltr'>nuum,</span> <span class='ocrx_word' id='word_1_6' title='bbox 718 290 894 367; x_wconf 69' lang='lat' dir='ltr'>uitiosum</span> <span class='ocrx_word' id='word_1_7' title='bbox 911 291 1047 380; x_wconf 74' lang='lat' dir='ltr'>publico</span> <span class='ocrx_word' id='word_1_8' title='bbox 1061 289 1160 370; x_wconf 76' lang='lat' dir='ltr'>hello</span> 
     </span>
     <span class='ocr_line' id='line_1_3' title="bbox 154 389 1159 484; baseline -0.005 -21"><span class='ocrx_word' id='word_1_9' title='bbox 154 393 532 484; x_wconf 59' lang='lat' dir='ltr'>repastinandis</span> <span class='ocrx_word' id='word_1_10' title='bbox 562 393 701 466; x_wconf 82' lang='lat' dir='ltr'>moeniis</span> <span class='ocrx_word' id='word_1_11' title='bbox 732 393 854 465; x_wconf 79' lang='lat' dir='ltr'>uentis</span> <span class='ocrx_word' id='word_1_12' title='bbox 887 389 1080 474; x_wconf 83' lang='lat' dir='ltr'>intendant3</span> <span class='ocrx_word' id='word_1_13' title='bbox 1114 402 1159 458; x_wconf 82' lang='lat' dir='ltr'>ut</span> 
     </span>
     <span class='ocr_line' id='line_1_4' title="bbox 156 489 1156 580; baseline -0.001 -20"><span class='ocrx_word' id='word_1_14' title='bbox 156 495 350 580; x_wconf 72' lang='lat' dir='ltr'>languorem</span> <span class='ocrx_word' id='word_1_15' title='bbox 368 491 445 579; x_wconf 82' lang='lat' dir='ltr'>plus</span> <span class='ocrx_word' id='word_1_16' title='bbox 465 499 694 578; x_wconf 67' lang='lat' dir='ltr'>reserpentem</span> <span class='ocrx_word' id='word_1_17' title='bbox 714 491 866 574; x_wconf 69' lang='lat' dir='ltr'>timeant,</span> <span class='ocrx_word' id='word_1_18' title='bbox 884 513 937 566; x_wconf 85' lang='lat' dir='ltr'>ne¹</span> <span class='ocrx_word' id='word_1_19' title='bbox 955 489 1059 566; x_wconf 60' lang='lat' dir='ltr'>hosts</span> <span class='ocrx_word' id='word_1_20' title='bbox 1083 489 1156 561; x_wconf 86' lang='lat' dir='ltr'>cal·</span> 
     </span>
     <span class='ocr_line' id='line_1_5' title="bbox 157 589 1156 676; baseline 0 -17"><span class='ocrx_word' id='word_1_21' title='bbox 157 592 245 671; x_wconf 77' lang='lat' dir='ltr'>lidus</span> <span class='ocrx_word' id='word_1_22' title='bbox 269 614 316 670; x_wconf 77' lang='lat' dir='ltr'>ao</span> <span class='ocrx_word' id='word_1_23' title='bbox 347 593 385 668; x_wconf 86' lang='lat' dir='ltr'>in</span> <span class='ocrx_word' id='word_1_24' title='bbox 412 591 606 676; x_wconf 75' lang='lat' dir='ltr'>deceptione</span> <span class='ocrx_word' id='word_1_25' title='bbox 634 590 842 675; x_wconf 74' lang='lat' dir='ltr'>postmodum</span> <span class='ocrx_word' id='word_1_26' title='bbox 870 590 990 676; x_wconf 82' lang='lat' dir='ltr'>majori</span> <span class='ocrx_word' id='word_1_27' title='bbox 1020 589 1156 668; x_wconf 71' lang='lat' dir='ltr'>exulta·</span> 
     </span>
     <span class='ocr_line' id='line_1_6' title="bbox 156 686 1158 776; baseline -0.005 -6"><span class='ocrx_word' id='word_1_28' title='bbox 156 695 247 770; x_wconf 75' lang='lat' dir='ltr'>tiano</span> <span class='ocrx_word' id='word_1_29' title='bbox 266 689 433 776; x_wconf 67' lang='lat' dir='ltr'>sindesi,</span> <span class='ocrx_word' id='word_1_30' title='bbox 454 712 521 776; x_wconf 78' lang='lat' dir='ltr'>qus</span> <span class='ocrx_word' id='word_1_31' title='bbox 539 687 602 766; x_wconf 76' lang='lat' dir='ltr'>tu</span> <span class='ocrx_word' id='word_1_32' title='bbox 623 688 875 768; x_wconf 20' lang='lat' dir='ltr'>deducturos</span> <span class='ocrx_word' id='word_1_33' title='bbox 888 712 926 756; x_wconf 74' lang='lat' dir='ltr'>ss</span> <span class='ocrx_word' id='word_1_34' title='bbox 939 687 1051 774; x_wconf 76' lang='lat' dir='ltr'>rigida</span> <span class='ocrx_word' id='word_1_35' title='bbox 1063 686 1158 772; x_wconf 66' lang='lat' dir='ltr'>oolla</span> 
     </span>
     <span class='ocr_line' id='line_1_7' title="bbox 157 790 462 870; baseline -0.007 -11"><span class='ocrx_word' id='word_1_36' title='bbox 157 793 321 870; x_wconf 59' lang='lat' dir='ltr'>risurum</span> <span class='ocrx_word' id='word_1_37' title='bbox 343 790 462 868; x_wconf 73' lang='lat' dir='ltr'>calcat.</span> 
     </span>
    </p>
   </div>
   <div class='ocr_carea' id='block_1_3' title="bbox 514 969 794 1039">
    <p class='ocr_par' dir='ltr' id='par_1_3' title="bbox 514 969 794 1039">
     <span class='ocr_line' id='line_1_8' title="bbox 514 969 794 1039; baseline -0.018 -1"><span class='ocrx_word' id='word_1_38' title='bbox 514 969 715 1039; x_wconf 82' lang='lat' dir='ltr'>CAPUT</span> <span class='ocrx_word' id='word_1_39' title='bbox 751 969 794 1038; x_wconf 88' lang='lat' dir='ltr'>X.</span> 
     </span>
    </p>
   </div>
   <div class='ocr_carea' id='block_1_4' title="bbox 156 1079 1044 1177">
    <p class='ocr_par' dir='ltr' id='par_1_4' title="bbox 156 1079 1044 1177">
     <span class='ocr_line' id='line_1_9' title="bbox 156 1079 1044 1177; baseline -0.027 3"><span class='ocrx_word' id='word_1_40' title='bbox 156 1096 157 1100; x_wconf 5' lang='grc' dir='ltr'>ἵ</span> <span class='ocrx_word' id='word_1_41' title='bbox 240 1106 423 1177; x_wconf 49' lang='lat' dir='ltr'>*Quomodo</span> <span class='ocrx_word' id='word_1_42' title='bbox 445 1105 643 1166; x_wconf 70' lang='lat' dir='ltr'>tinearum</span> <span class='ocrx_word' id='word_1_43' title='bbox 668 1079 836 1161; x_wconf 69' lang='lat' dir='ltr'>usnemu</span> <span class='ocrx_word' id='word_1_44' title='bbox 864 1112 897 1168; x_wconf 75' lang='lat' dir='ltr'>st</span> <span class='ocrx_word' id='word_1_45' title='bbox 920 1096 1044 1158; x_wconf 77' lang='lat' dir='ltr'>insidi.</span> 
     </span>
    </p>
   </div>
   <div class='ocr_carea' id='block_1_5' title="bbox 81 1237 1157 3111">
    <p class='ocr_par' dir='ltr' id='par_1_5' title="bbox 81 1237 1157 3111">
     <span class='ocr_line' id='line_1_10' title="bbox 218 1237 1157 1328; baseline -0.001 -21"><span class='ocrx_word' id='word_1_46' title='bbox 218 1241 325 1322; x_wconf 79' lang='lat' dir='ltr'>Aliter</span> <span class='ocrx_word' id='word_1_47' title='bbox 346 1237 545 1319; x_wconf 83' lang='lat' dir='ltr'>admonendi</span> <span class='ocrx_word' id='word_1_48' title='bbox 568 1251 646 1316; x_wconf 81' lang='lat' dir='ltr'>sunt</span> <span class='ocrx_word' id='word_1_49' title='bbox 666 1239 837 1322; x_wconf 85' lang='lat' dir='ltr'>benevoli,</span> <span class='ocrx_word' id='word_1_50' title='bbox 861 1249 963 1328; x_wconf 81' lang='lat' dir='ltr'>atque</span> <span class='ocrx_word' id='word_1_51' title='bbox 986 1239 1085 1305; x_wconf 88' lang='lat' dir='ltr'>aliter</span> <span class='ocrx_word' id='word_1_52' title='bbox 1100 1241 1157 1306; x_wconf 87' lang='lat' dir='ltr'>in·</span> 
     </span>
     <span class='ocr_line' id='line_1_11' title="bbox 157 1338 1153 1426; baseline -0.002 -20"><span class='ocrx_word' id='word_1_53' title='bbox 157 1339 236 1414; x_wconf 74' lang='lat' dir='ltr'>ridi.</span> <span class='ocrx_word' id='word_1_54' title='bbox 271 1339 479 1418; x_wconf 80' lang='lat' dir='ltr'>Admonendi</span> <span class='ocrx_word' id='word_1_55' title='bbox 500 1361 645 1426; x_wconf 86' lang='lat' dir='ltr'>namque</span> <span class='ocrx_word' id='word_1_56' title='bbox 665 1347 743 1404; x_wconf 90' lang='lat' dir='ltr'>sunt</span> <span class='ocrx_word' id='word_1_57' title='bbox 754 1339 927 1419; x_wconf 83' lang='lat' dir='ltr'>benevoli,</span> <span class='ocrx_word' id='word_1_58' title='bbox 951 1348 988 1404; x_wconf 90' lang='lat' dir='ltr'>ut</span> <span class='ocrx_word' id='word_1_59' title='bbox 1002 1339 1050 1404; x_wconf 87' lang='lat' dir='ltr'>sic</span> <span class='ocrx_word' id='word_1_60' title='bbox 1065 1338 1153 1404; x_wconf 85' lang='lat' dir='ltr'>alie·</span> 
     </span>
     <span class='ocr_line' id='line_1_12' title="bbox 156 1436 1155 1526; baseline 0 -22"><span class='ocrx_word' id='word_1_61' title='bbox 156 1442 209 1520; x_wconf 78' lang='lat' dir='ltr'>nis</span> <span class='ocrx_word' id='word_1_62' title='bbox 230 1436 328 1504; x_wconf 89' lang='lat' dir='ltr'>bonis</span> <span class='ocrx_word' id='word_1_63' title='bbox 350 1439 597 1522; x_wconf 80' lang='lat' dir='ltr'>congaudeant,</span> <span class='ocrx_word' id='word_1_64' title='bbox 610 1451 787 1525; x_wconf 82' lang='lat' dir='ltr'>&#39;quatenus</span> <span class='ocrx_word' id='word_1_65' title='bbox 809 1437 933 1503; x_wconf 86' lang='lat' dir='ltr'>habere</span> <span class='ocrx_word' id='word_1_66' title='bbox 960 1449 993 1503; x_wconf 90' lang='lat' dir='ltr'>et</span> <span class='ocrx_word' id='word_1_67' title='bbox 1014 1439 1155 1526; x_wconf 85' lang='lat' dir='ltr'>propria</span> 
     </span>
     <span class='ocr_line' id='line_1_13' title="bbox 156 1535 1153 1631; baseline -0.001 -27"><span class='ocrx_word' id='word_1_68' title='bbox 156 1539 400 1631; x_wconf 63' lang='lat' dir='ltr'><strong>concupiscant.</strong></span> <span class='ocrx_word' id='word_1_69' title='bbox 445 1535 501 1602; x_wconf 85' lang='lat' dir='ltr'>Sic</span> <span class='ocrx_word' id='word_1_70' title='bbox 521 1538 745 1625; x_wconf 84' lang='lat' dir='ltr'>proximorum</span> <span class='ocrx_word' id='word_1_71' title='bbox 766 1537 855 1603; x_wconf 81' lang='lat' dir='ltr'>iacta</span> <span class='ocrx_word' id='word_1_72' title='bbox 883 1535 1055 1622; x_wconf 84' lang='lat' dir='ltr'>diligendo</span> <span class='ocrx_word' id='word_1_73' title='bbox 1077 1537 1153 1603; x_wconf 88' lang='lat' dir='ltr'>lau·</span> 
     </span>
     <span class='ocr_line' id='line_1_14' title="bbox 157 1635 1153 1726; baseline 0.003 -24"><span class='ocrx_word' id='word_1_74' title='bbox 157 1635 252 1719; x_wconf 83' lang='lat' dir='ltr'>dent,</span> <span class='ocrx_word' id='word_1_75' title='bbox 283 1645 321 1704; x_wconf 90' lang='lat' dir='ltr'>nt</span> <span class='ocrx_word' id='word_1_76' title='bbox 342 1657 383 1701; x_wconf 89' lang='lat' dir='ltr'>ea</span> <span class='ocrx_word' id='word_1_77' title='bbox 407 1638 508 1701; x_wconf 90' lang='lat' dir='ltr'>etiam</span> <span class='ocrx_word' id='word_1_78' title='bbox 533 1637 694 1722; x_wconf 86' lang='lat' dir='ltr'>imitando</span> <span class='ocrx_word' id='word_1_79' title='bbox 716 1636 953 1726; x_wconf 83' lang='lat' dir='ltr'><strong>multiplicent,</strong></span> <span class='ocrx_word' id='word_1_80' title='bbox 986 1660 1030 1703; x_wconf 91' lang='lat' dir='ltr'>ne</span> <span class='ocrx_word' id='word_1_81' title='bbox 1063 1639 1153 1705; x_wconf 90' lang='lat' dir='ltr'>siin</span> 
     </span>
     <span class='ocr_line' id='line_1_15' title="bbox 155 1734 1150 1822; baseline 0.002 -20"><span class='ocrx_word' id='word_1_82' title='bbox 155 1737 218 1804; x_wconf 88' lang='lat' dir='ltr'>hoc</span> <span class='ocrx_word' id='word_1_83' title='bbox 238 1736 424 1822; x_wconf 87' lang='lat' dir='ltr'>praesentis</span> <span class='ocrx_word' id='word_1_84' title='bbox 445 1738 535 1802; x_wconf 89' lang='lat' dir='ltr'>vitae</span> <span class='ocrx_word' id='word_1_85' title='bbox 554 1737 665 1814; x_wconf 86' lang='lat' dir='ltr'>stadio</span> <span class='ocrx_word' id='word_1_86' title='bbox 687 1734 731 1802; x_wconf 86' lang='lat' dir='ltr'>ad</span> <span class='ocrx_word' id='word_1_87' title='bbox 753 1745 921 1811; x_wconf 87' lang='lat' dir='ltr'>certarnen</span> <span class='ocrx_word' id='word_1_88' title='bbox 936 1736 1080 1814; x_wconf 81' lang='lat' dir='ltr'>alienum</span> <span class='ocrx_word' id='word_1_89' title='bbox 1093 1734 1150 1804; x_wconf 89' lang='lat' dir='ltr'>de·</span> 
     </span>
     <span class='ocr_line' id='line_1_16' title="bbox 155 1835 1152 1926; baseline 0 -24"><span class='ocrx_word' id='word_1_90' title='bbox 155 1839 223 1902; x_wconf 81' lang='lat' dir='ltr'>voti</span> <span class='ocrx_word' id='word_1_91' title='bbox 242 1835 390 1911; x_wconf 79' lang='lat' dir='ltr'>lautores</span> <span class='ocrx_word' id='word_1_92' title='bbox 413 1835 456 1920; x_wconf 85' lang='lat'>¹),</span> <span class='ocrx_word' id='word_1_93' title='bbox 494 1835 552 1900; x_wconf 90' lang='lat' dir='ltr'>sed</span> <span class='ocrx_word' id='word_1_94' title='bbox 573 1836 662 1926; x_wconf 85' lang='lat' dir='ltr'>pigri</span> <span class='ocrx_word' id='word_1_95' title='bbox 685 1847 888 1924; x_wconf 80' lang='lat' dir='ltr'>spectatores</span> <span class='ocrx_word' id='word_1_96' title='bbox 910 1837 1087 1919; x_wconf 81' lang='lat' dir='ltr'>assistant,</span> <span class='ocrx_word' id='word_1_97' title='bbox 1111 1857 1152 1902; x_wconf 93' lang='lat' dir='ltr'>eo</span> 
     </span>
     <span class='ocr_line' id='line_1_17' title="bbox 155 1933 1151 2038; baseline 0 -36"><span class='ocrx_word' id='word_1_98' title='bbox 155 1945 230 2038; x_wconf 81' lang='lat' dir='ltr'>post</span> <span class='ocrx_word' id='word_1_99' title='bbox 249 1943 418 2008; x_wconf 83' lang='lat' dir='ltr'>certamen</span> <span class='ocrx_word' id='word_1_100' title='bbox 439 1936 511 2001; x_wconf 88' lang='lat' dir='ltr'>sine</span> <span class='ocrx_word' id='word_1_101' title='bbox 532 1933 651 2001; x_wconf 75' lang='lat' dir='ltr'>bravio</span> <span class='ocrx_word' id='word_1_102' title='bbox 672 1946 884 2019; x_wconf 80' lang='lat' dir='ltr'>remaneant,</span> <span class='ocrx_word' id='word_1_103' title='bbox 916 1954 981 2022; x_wconf 88' lang='lat' dir='ltr'>quo</span> <span class='ocrx_word' id='word_1_104' title='bbox 1004 1959 1092 2002; x_wconf 89' lang='lat' dir='ltr'>nuuc</span> <span class='ocrx_word' id='word_1_105' title='bbox 1112 1937 1151 2002; x_wconf 89' lang='lat' dir='ltr'>in</span> 
     </span>
     <span class='ocr_line' id='line_1_18' title="bbox 158 2031 1149 2124; baseline -0.005 -22"><span class='ocrx_word' id='word_1_106' title='bbox 158 2035 336 2108; x_wconf 85' lang='lat' dir='ltr'>certamine</span> <span class='ocrx_word' id='word_1_107' title='bbox 359 2055 425 2101; x_wconf 89' lang='lat' dir='ltr'>non</span> <span class='ocrx_word' id='word_1_108' title='bbox 446 2031 620 2117; x_wconf 87' lang='lat' dir='ltr'>laborant,</span> <span class='ocrx_word' id='word_1_109' title='bbox 651 2044 684 2101; x_wconf 91' lang='lat' dir='ltr'>et</span> <span class='ocrx_word' id='word_1_110' title='bbox 705 2045 784 2101; x_wconf 89' lang='lat' dir='ltr'>tunc</span> <span class='ocrx_word' id='word_1_111' title='bbox 813 2059 925 2102; x_wconf 84' lang='lat' dir='ltr'>eorum</span> <span class='ocrx_word' id='word_1_112' title='bbox 947 2036 1075 2124; x_wconf 87' lang='lat' dir='ltr'>palmas</span> <span class='ocrx_word' id='word_1_113' title='bbox 1097 2034 1149 2098; x_wconf 85' lang='lat' dir='ltr'>af-</span> 
     </span>
     <span class='ocr_line' id='line_1_19' title="bbox 155 2133 1147 2222; baseline -0.007 -20"><span class='ocrx_word' id='word_1_114' title='bbox 155 2133 235 2202; x_wconf 89' lang='lat' dir='ltr'>flicti</span> <span class='ocrx_word' id='word_1_115' title='bbox 262 2134 461 2222; x_wconf 83' lang='lat' dir='ltr'>respiciant,</span> <span class='ocrx_word' id='word_1_116' title='bbox 496 2135 528 2198; x_wconf 90' lang='lat' dir='ltr'>in</span> <span class='ocrx_word' id='word_1_117' title='bbox 564 2133 702 2222; x_wconf 85' lang='lat' dir='ltr'>¹quorum</span> <span class='ocrx_word' id='word_1_118' title='bbox 733 2158 821 2199; x_wconf 89' lang='lat' dir='ltr'>nunc</span> <span class='ocrx_word' id='word_1_119' title='bbox 850 2134 1020 2201; x_wconf 83' lang='lat' dir='ltr'>laboribus</span> <span class='ocrx_word' id='word_1_120' title='bbox 1050 2133 1147 2196; x_wconf 90' lang='lat' dir='ltr'>otiosi</span> 
     </span>
     <span class='ocr_line' id='line_1_20' title="bbox 155 2230 1144 2328; baseline -0.008 -28"><span class='ocrx_word' id='word_1_121' title='bbox 155 2235 347 2328; x_wconf 86' lang='lat' dir='ltr'>perdurant.</span> <span class='ocrx_word' id='word_1_122' title='bbox 389 2233 497 2299; x_wconf 86' lang='lat' dir='ltr'>Valde</span> <span class='ocrx_word' id='word_1_123' title='bbox 519 2234 643 2320; x_wconf 88' lang='lat' dir='ltr'>quippe</span> <span class='ocrx_word' id='word_1_124' title='bbox 664 2255 852 2319; x_wconf 80' lang='lat' dir='ltr'>peccamus,</span> <span class='ocrx_word' id='word_1_125' title='bbox 875 2236 903 2299; x_wconf 90' lang='lat' dir='ltr'>si</span> <span class='ocrx_word' id='word_1_126' title='bbox 926 2235 1034 2298; x_wconf 76' lang='lat' dir='ltr'>aliena</span> <span class='ocrx_word' id='word_1_127' title='bbox 1056 2230 1144 2293; x_wconf 88' lang='lat' dir='ltr'>bene</span> 
     </span>
     <span class='ocr_line' id='line_1_21' title="bbox 81 2317 1146 2427; baseline -0.008 -29"><span class='ocrx_word' id='word_1_128' title='bbox 81 2403 85 2412; x_wconf 60' lang='grc'>,</span> <span class='ocrx_word' id='word_1_129' title='bbox 156 2344 252 2427; x_wconf 80' lang='lat' dir='ltr'>gesta</span> <span class='ocrx_word' id='word_1_130' title='bbox 274 2353 339 2397; x_wconf 92' lang='lat' dir='ltr'>non</span> <span class='ocrx_word' id='word_1_131' title='bbox 368 2331 545 2416; x_wconf 85' lang='lat' dir='ltr'>diligimus.</span> <span class='ocrx_word' id='word_1_132' title='bbox 591 2331 657 2395; x_wconf 88' lang='lat' dir='ltr'>Sed</span> <span class='ocrx_word' id='word_1_133' title='bbox 689 2317 733 2396; x_wconf 88' lang='lat' dir='ltr'>nil</span> <span class='ocrx_word' id='word_1_134' title='bbox 755 2331 914 2398; x_wconf 86' lang='lat' dir='ltr'>mercedis</span> <span class='ocrx_word' id='word_1_135' title='bbox 942 2332 1087 2416; x_wconf 81' lang='lat' dir='ltr'>agimus,</span> <span class='ocrx_word' id='word_1_136' title='bbox 1115 2324 1146 2391; x_wconf 85' lang='lat' dir='ltr'>si</span> 
     </span>
     <span class='ocr_line' id='line_1_22' title="bbox 157 2427 1149 2518; baseline -0.004 -25"><span class='ocrx_word' id='word_1_137' title='bbox 157 2453 207 2514; x_wconf 86' lang='lat' dir='ltr'>ea,</span> <span class='ocrx_word' id='word_1_138' title='bbox 230 2453 317 2518; x_wconf 87' lang='lat' dir='ltr'>quae</span> <span class='ocrx_word' id='word_1_139' title='bbox 339 2428 527 2513; x_wconf 85' lang='lat' dir='ltr'>diligimus,</span> <span class='ocrx_word' id='word_1_140' title='bbox 553 2431 749 2515; x_wconf 87' lang='lat' dir='ltr'>inquantum</span> <span class='ocrx_word' id='word_1_141' title='bbox 772 2455 963 2518; x_wconf 88' lang='lat' dir='ltr'>possumus,</span> <span class='ocrx_word' id='word_1_142' title='bbox 987 2451 1052 2496; x_wconf 88' lang='lat' dir='ltr'>non</span> <span class='ocrx_word' id='word_1_143' title='bbox 1074 2427 1149 2491; x_wconf 84' lang='lat' dir='ltr'>imi·</span> 
     </span>
     <span class='ocr_line' id='line_1_23' title="bbox 156 2527 1151 2618; baseline -0.006 -23"><span class='ocrx_word' id='word_1_144' title='bbox 156 2542 274 2598; x_wconf 88' lang='lat' dir='ltr'>tamur.</span> <span class='ocrx_word' id='word_1_145' title='bbox 315 2529 502 2594; x_wconf 87' lang='lat' dir='ltr'>Dicendum</span> <span class='ocrx_word' id='word_1_146' title='bbox 524 2531 638 2614; x_wconf 86' lang='lat' dir='ltr'>itaque</span> <span class='ocrx_word' id='word_1_147' title='bbox 657 2542 707 2594; x_wconf 89' lang='lat' dir='ltr'>est</span> <span class='ocrx_word' id='word_1_148' title='bbox 720 2531 903 2613; x_wconf 85' lang='lat' dir='ltr'>benevolis,</span> <span class='ocrx_word' id='word_1_149' title='bbox 928 2532 1008 2618; x_wconf 85' lang='lat' dir='ltr'>quia</span> <span class='ocrx_word' id='word_1_150' title='bbox 1032 2527 1060 2592; x_wconf 90' lang='lat' dir='ltr'>si</span> <span class='ocrx_word' id='word_1_151' title='bbox 1075 2527 1151 2590; x_wconf 87' lang='lat' dir='ltr'>imi·</span> 
     </span>
     <span class='ocr_line' id='line_1_24' title="bbox 156 2627 1153 2716; baseline 0 -22"><span class='ocrx_word' id='word_1_152' title='bbox 156 2629 223 2700; x_wconf 82' lang='lat' dir='ltr'>tari</span> <span class='ocrx_word' id='word_1_153' title='bbox 245 2627 333 2693; x_wconf 89' lang='lat' dir='ltr'>bona</span> <span class='ocrx_word' id='word_1_154' title='bbox 355 2629 486 2693; x_wconf 87' lang='lat' dir='ltr'>minime</span> <span class='ocrx_word' id='word_1_155' title='bbox 514 2628 689 2710; x_wconf 79' lang='lat' dir='ltr'>festinant,</span> <span class='ocrx_word' id='word_1_156' title='bbox 718 2653 803 2716; x_wconf 87' lang='lat' dir='ltr'>quae</span> <span class='ocrx_word' id='word_1_157' title='bbox 825 2629 1001 2696; x_wconf 86' lang='lat' dir='ltr'>laudantes</span> <span class='ocrx_word' id='word_1_158' title='bbox 1028 2646 1153 2715; x_wconf 76' lang='lat' dir='ltr'>appro¹</span> 
     </span>
     <span class='ocr_line' id='line_1_25' title="bbox 157 2728 1150 2814; baseline -0.003 -20"><span class='ocrx_word' id='word_1_159' title='bbox 157 2729 250 2808; x_wconf 87' lang='lat' dir='ltr'>bant,</span> <span class='ocrx_word' id='word_1_160' title='bbox 277 2730 324 2792; x_wconf 89' lang='lat' dir='ltr'>sic</span> <span class='ocrx_word' id='word_1_161' title='bbox 346 2729 394 2793; x_wconf 88' lang='lat' dir='ltr'>eis</span> <span class='ocrx_word' id='word_1_162' title='bbox 415 2729 572 2794; x_wconf 90' lang='lat' dir='ltr'>virtutum</span> <span class='ocrx_word' id='word_1_163' title='bbox 595 2731 754 2795; x_wconf 87' lang='lat' dir='ltr'>sanctitas</span> <span class='ocrx_word' id='word_1_164' title='bbox 777 2732 863 2802; x_wconf 81' lang='lat' dir='ltr'>siout</span> <span class='ocrx_word' id='word_1_165' title='bbox 885 2728 998 2794; x_wconf 87' lang='lat' dir='ltr'>stultis</span> <span class='ocrx_word' id='word_1_166' title='bbox 1021 2737 1150 2814; x_wconf 86' lang='lat' dir='ltr'>specta·</span> 
     </span>
     <span class='ocr_line' id='line_1_26' title="bbox 155 2826 1148 2917; baseline 0.001 -25"><span class='ocrx_word' id='word_1_167' title='bbox 155 2826 284 2917; x_wconf 83' lang='lat' dir='ltr'>toribus</span> <span class='ocrx_word' id='word_1_168' title='bbox 304 2826 508 2900; x_wconf 89' lang='lat' dir='ltr'>ludicrarum</span> <span class='ocrx_word' id='word_1_169' title='bbox 531 2830 649 2903; x_wconf 82' lang='lat' dir='ltr'>artium</span> <span class='ocrx_word' id='word_1_170' title='bbox 661 2829 792 2894; x_wconf 82' lang='lat' dir='ltr'>vanitas</span> <span class='ocrx_word' id='word_1_171' title='bbox 810 2827 930 2916; x_wconf 86' lang='lat' dir='ltr'>placat.</span> <span class='ocrx_word' id='word_1_172' title='bbox 975 2827 1033 2892; x_wconf 93' lang='lat' dir='ltr'>Illi</span> <span class='ocrx_word' id='word_1_173' title='bbox 1056 2851 1148 2893; x_wconf 86' lang='lat' dir='ltr'>nam·</span> 
     </span>
     <span class='ocr_line' id='line_1_27' title="bbox 158 2924 1152 3016; baseline 0.002 -24"><span class='ocrx_word' id='word_1_174' title='bbox 158 2949 223 3016; x_wconf 85' lang='lat' dir='ltr'>que</span> <span class='ocrx_word' id='word_1_175' title='bbox 239 2927 430 3012; x_wconf 78' lang='lat' dir='ltr'>aurigarum</span> <span class='ocrx_word' id='word_1_176' title='bbox 441 2938 475 2992; x_wconf 91' lang='lat' dir='ltr'>et</span> <span class='ocrx_word' id='word_1_177' title='bbox 496 2925 693 2993; x_wconf 87' lang='lat' dir='ltr'>histrionum</span> <span class='ocrx_word' id='word_1_178' title='bbox 702 2937 798 3010; x_wconf 83' lang='lat' dir='ltr'>gesta</span> <span class='ocrx_word' id='word_1_179' title='bbox 812 2926 985 2992; x_wconf 83' lang='lat' dir='ltr'>favoribus</span> <span class='ocrx_word' id='word_1_180' title='bbox 999 2924 1152 3008; x_wconf 80' lang='lat' dir='ltr'>efferunt,</span> 
     </span>
     <span class='ocr_line' id='line_1_28' title="bbox 153 3023 1151 3111; baseline -0.002 -17"><span class='ocrx_word' id='word_1_181' title='bbox 153 3047 217 3094; x_wconf 81' lang='lat' dir='ltr'>nec</span> <span class='ocrx_word' id='word_1_182' title='bbox 238 3034 348 3094; x_wconf 77' lang='lat' dir='ltr'>tamen</span> <span class='ocrx_word' id='word_1_183' title='bbox 370 3025 452 3091; x_wconf 88' lang='lat' dir='ltr'>tales</span> <span class='ocrx_word' id='word_1_184' title='bbox 480 3047 552 3092; x_wconf 89' lang='lat' dir='ltr'>essc</span> <span class='ocrx_word' id='word_1_185' title='bbox 580 3023 789 3108; x_wconf 86' lang='lat' dir='ltr'>desiderant,</span> <span class='ocrx_word' id='word_1_186' title='bbox 823 3024 940 3111; x_wconf 85' lang='lat' dir='ltr'>quales</span> <span class='ocrx_word' id='word_1_187' title='bbox 969 3025 1042 3090; x_wconf 88' lang='lat' dir='ltr'>illos</span> <span class='ocrx_word' id='word_1_188' title='bbox 1073 3049 1151 3094; x_wconf 87' lang='lat' dir='ltr'>con·</span> 
     </span>
    </p>
   </div>
   <div class='ocr_carea' id='block_1_6' title="bbox 182 3233 1157 3642">
    <p class='ocr_par' dir='ltr' id='par_1_6' title="bbox 182 3233 1157 3642">
     <span class='ocr_line' id='line_1_29' title="bbox 182 3233 1150 3304; baseline 0.002 -18"><span class='ocrx_word' id='word_1_189' title='bbox 182 3233 203 3302; x_wconf 87' lang='lat'>¹)</span> <span class='ocrx_word' id='word_1_190' title='bbox 220 3235 313 3287; x_wconf 87' lang='lat' dir='ltr'>Doroti</span> <span class='ocrx_word' id='word_1_191' title='bbox 336 3233 451 3290; x_wconf 81' lang='lat' dir='ltr'>fautores</span> <span class='ocrx_word' id='word_1_192' title='bbox 477 3251 572 3290; x_wconf 82' lang='lat' dir='ltr'>scenas</span> <span class='ocrx_word' id='word_1_193' title='bbox 589 3235 752 3300; x_wconf 84' lang='lat' dir='ltr'>dicebantur,</span> <span class='ocrx_word' id='word_1_194' title='bbox 780 3235 824 3302; x_wconf 79' lang='lat' dir='ltr'>qui</span> <span class='ocrx_word' id='word_1_195' title='bbox 849 3251 899 3288; x_wconf 88' lang='lat' dir='ltr'>nou</span> <span class='ocrx_word' id='word_1_196' title='bbox 923 3235 1006 3289; x_wconf 88' lang='lat' dir='ltr'>solum</span> <span class='ocrx_word' id='word_1_197' title='bbox 1026 3235 1150 3304; x_wconf 86' lang='lat' dir='ltr'>plausum</span> 
     </span>
     <span class='ocr_line' id='line_1_30' title="bbox 224 3318 1157 3390; baseline 0.004 -20"><span class='ocrx_word' id='word_1_198' title='bbox 224 3318 325 3385; x_wconf 81' lang='lat' dir='ltr'>dabam,</span> <span class='ocrx_word' id='word_1_199' title='bbox 343 3322 388 3372; x_wconf 83' lang='lat' dir='ltr'>aad</span> <span class='ocrx_word' id='word_1_200' title='bbox 405 3322 522 3390; x_wconf 85' lang='lat' dir='ltr'>impenso</span> <span class='ocrx_word' id='word_1_201' title='bbox 539 3321 649 3373; x_wconf 84' lang='lat' dir='ltr'>studiosi</span> <span class='ocrx_word' id='word_1_202' title='bbox 674 3321 765 3374; x_wconf 82' lang='lat' dir='ltr'>theatri</span> <span class='ocrx_word' id='word_1_203' title='bbox 784 3321 915 3390; x_wconf 82' lang='lat' dir='ltr'>deditique</span> <span class='ocrx_word' id='word_1_204' title='bbox 935 3323 960 3375; x_wconf 89' lang='lat' dir='ltr'>ei</span> <span class='ocrx_word' id='word_1_205' title='bbox 980 3328 1054 3375; x_wconf 85' lang='lat' dir='ltr'>orant</span> <span class='ocrx_word' id='word_1_206' title='bbox 1072 3335 1157 3389; x_wconf 81' lang='lat' dir='ltr'>opere·</span> 
     </span>
     <span class='ocr_line' id='line_1_31' title="bbox 222 3403 1148 3475; baseline 0.004 -19"><span class='ocrx_word' id='word_1_207' title='bbox 222 3418 326 3472; x_wconf 68' lang='lat' dir='ltr'>quoqne</span> <span class='ocrx_word' id='word_1_208' title='bbox 347 3412 426 3474; x_wconf 76' lang='lat' dir='ltr'>atquo</span> <span class='ocrx_word' id='word_1_209' title='bbox 447 3407 551 3466; x_wconf 65' lang='lat' dir='ltr'>sitim</span> <span class='ocrx_word' id='word_1_210' title='bbox 585 3404 632 3461; x_wconf 79' lang='lat' dir='ltr'>Sic</span> <span class='ocrx_word' id='word_1_211' title='bbox 652 3405 793 3470; x_wconf 76' lang='lat' dir='ltr'>Suetonius</span> <span class='ocrx_word' id='word_1_212' title='bbox 818 3409 849 3464; x_wconf 75' lang='lat' dir='ltr'>cs</span> <span class='ocrx_word' id='word_1_213' title='bbox 876 3407 1001 3474; x_wconf 67' lang='lat' dir='ltr'>Caligula</span> <span class='ocrx_word' id='word_1_214' title='bbox 1026 3422 1085 3475; x_wconf 76' lang='lat' dir='ltr'>cap.</span> <span class='ocrx_word' id='word_1_215' title='bbox 1101 3403 1148 3460; x_wconf 75' lang='grc'>30.</span> 
     </span>
     <span class='ocr_line' id='line_1_32' title="bbox 224 3490 1147 3560; baseline 0 -17"><span class='ocrx_word' id='word_1_216' title='bbox 224 3490 329 3547; x_wconf 78' lang='lat' dir='ltr'>scribit:</span> <span class='ocrx_word' id='word_1_217' title='bbox 349 3492 520 3558; x_wconf 55' lang='lat' dir='ltr'>,sareanen</span> <span class='ocrx_word' id='word_1_218' title='bbox 537 3491 652 3552; x_wconf 63' lang='lat' dir='ltr'>arduam</span> <span class='ocrx_word' id='word_1_219' title='bbox 671 3497 702 3554; x_wconf 82' lang='lat' dir='ltr'>ui</span> <span class='ocrx_word' id='word_1_220' title='bbox 714 3505 852 3558; x_wconf 71' lang='lat' dir='ltr'>,sesana</span> <span class='ocrx_word' id='word_1_221' title='bbox 869 3506 1072 3560; x_wconf 68' lang='lat' dir='ltr'>traaasque</span> <span class='ocrx_word' id='word_1_222' title='bbox 1091 3492 1147 3544; x_wconf 83' lang='lat' dir='ltr'>ds-</span> 
     </span>
     <span class='ocr_line' id='line_1_33' title="bbox 222 3575 628 3642; baseline 0.002 -15"><span class='ocrx_word' id='word_1_223' title='bbox 222 3581 336 3628; x_wconf 82' lang='lat' dir='ltr'>rotum</span> <span class='ocrx_word' id='word_1_224' title='bbox 356 3575 462 3628; x_wconf 81' lang='lat' dir='ltr'>assidue</span> <span class='ocrx_word' id='word_1_225' title='bbox 477 3575 628 3642; x_wconf 85' lang='lat' dir='ltr'>proscidit“</span> 
     </span>
    </p>
   </div>
   <div class='ocr_carea' id='block_1_7' title="bbox 0 0 1282 4172">
    <p class='ocr_par' dir='ltr' id='par_1_7' title="bbox 0 0 1282 4172">
     <span class='ocr_line' id='line_1_34' title="bbox 0 0 1282 4172; baseline 0 0"><span class='ocrx_word' id='word_1_226' title='bbox 0 0 1282 4172; x_wconf 95' lang='lat' dir='ltr'> </span> 
     </span>
    </p>
   </div>
  </div>
 </body>
</html>
