2556 4150
553 187 756 252 ..56⁴

157 358 225 430 est,
260 359 292 414 et
321 347 499 433 vigilanter
527 348 739 430 intuendum,
767 371 807 415 nc
831 352 907 416 dum
929 374 1010 418 cura
1033 354 1076 418 ab
1098 359 1150 420 eis

157 448 302 514 exterior
334 450 462 532 agitur,
494 449 537 514 ab
567 450 700 515 interna
726 451 910 517 intentione
945 463 1160 538 mergantur.¹

156 545 359 635 Plerumque
382 551 488 630 enim,
511 559 549 615 ut
570 548 816 635 praediximus,
851 550 949 616 corda
972 561 1148 637 rectorum,

157 646 235 712 dum
255 647 439 736 temporali
459 647 674 716 sollicitudini
702 651 836 716 incaute
864 650 1076 734 deserviunt,
1103 653 1148 718 ab

157 745 271 812 intimo
293 770 401 814 amore
422 748 623 832 frigescunt,
647 757 678 813 et
700 748 792 817 foras
812 749 890 814 fuse
904 750 1062 818 oblivisci
1081 775 1149 818 non

156 852 319 929 metuunt,
345 848 423 934 quia
434 848 621 913 animarum
633 851 797 934 regimina
814 861 1040 936 susceperunt.
1075 851 1148 918 Sol·

156 943 293 1014 lioitudo
321 969 417 1030 ergo,
453 969 539 1034 quae
569 947 714 1014 subditis
751 951 901 1016 exterius
933 950 1148 1037 impenditur,

156 1045 218 1110 sub
240 1055 331 1112 certa
347 1068 482 1112 necesse
496 1056 713 1115 estmensura
727 1059 891 1116 teneatur.
935 1049 1035 1116 Unde
1059 1051 1147 1118 bene

155 1145 199 1210 ad
219 1143 427 1210 Ezechielem
451 1144 595 1212 diciturz
619 1146 865 1215 Sacerdotes
888 1159 1011 1234 caput
1034 1172 1148 1215 suum

154 1267 233 1311 non
263 1242 436 1326 radent,
467 1268 600 1332 neque
631 1267 782 1311 comam
813 1248 1041 1332 nutrient,
1071 1247 1148 1314 sed

154 1341 385 1408 tondentes
405 1343 662 1410 attondeant
684 1346 832 1430 capita
854 1369 941 1411 sua.
959 1352 983 1431 ¹)
1029 1348 1146 1414 Sacer-

154 1439 247 1506 dotes
269 1461 413 1526 namque
431 1443 511 1528 jure
534 1444 644 1508 vocati
666 1453 759 1521 sunt,
794 1444 852 1529 qui
872 1453 909 1509 ut
932 1468 1063 1510 sacrum
1085 1446 1146 1533 du·

153 1549 262 1604 catum
284 1540 483 1626 praebeant,
499 1539 526 1627 ²)
548 1540 706 1608 fidelibus
717 1551 887 1628 praesunt.
932 1541 1056 1630 Capilli
1067 1567 1146 1612 vero

151 1638 186 1701 in
209 1640 317 1726 capite
340 1641 523 1706 exteriores
547 1650 631 1732 sunt,
646 1641 865 1725 cogitationes
887 1643 921 1704 in
940 1651 1065 1706 mente:
1087 1647 1148 1729 qui

179 1903 197 1961 ¹)
217 1899 310 1952 Ezech.
329 1899 370 1966 tl,
389 1903 432 1956 20.

175 1985 196 2047 ²)
215 1985 319 2038 Alludit
337 1986 363 2039 S.
382 1987 490 2056 Gregcr.
508 1989 540 2038 ad
559 2001 647 2039 vocem
667 1987 854 2054 sacerdos,
879 2000 947 2052 qnae
965 1985 1064 2036 ordinis
1082 1986 1146 2052 dig-

219 2075 324 2126 nitatem
351 2073 431 2128 effert.
467 2073 495 2126 Si
514 2075 571 2144 ejus
588 2073 621 2126 ad
640 2075 721 2126 Deum
740 2072 890 2125 relationem
909 2071 1078 2139 inspicimus,
1096 2083 1144 2122 sa-

218 2159 387 2214 crificatorem
404 2159 549 2228 significat;
566 2159 589 2212 si
607 2158 687 2211 aliam
706 2159 739 2210 sd
757 2157 888 2225 populum,
908 2157 975 2210 idem
993 2156 1097 2208 denotat
1113 2170 1145 2210 cc

221 2249 395 2314 succedens,
419 2261 496 2300 sacra
521 2247 624 2312 docens,
643 2259 717 2298 sacer
734 2244 803 2310 dux,
828 2243 870 2294 rel
888 2257 964 2295 sacra
981 2241 1034 2294 dos.
1066 2242 1146 2294 Hisce

221 2333 339 2386 omnibus
355 2333 516 2400 indigitetur,
535 2336 616 2382 totum
635 2329 775 2382 sacerdotis
792 2329 926 2394 negotium
943 2327 971 2380 iu
989 2341 1018 2380 eo
1037 2327 1147 2393 versari,

220 2423 248 2467 ut
265 2421 343 2468 totum
363 2431 391 2468 sc
410 2417 473 2484 Deo,
492 2421 571 2468 totum
582 2415 678 2484 populo
695 2428 847 2466 consecrare
865 2418 992 2482 oporteat:
1011 2415 1066 2467 Deo
1081 2412 1145 2480 qui-

219 2502 333 2569 damper
349 2500 476 2554 sacrificia
493 2515 559 2568 ques
569 2501 654 2566 offert,
671 2499 767 2568 popule
786 2513 846 2552 vero
863 2514 909 2567 per
926 2501 1145 2552 sacramentorum
1224 2537 1233 2551 .

218 2587 343 2654 verbique
354 2587 437 2639 divini
454 2585 721 2652 administrationem
741 2587 794 2637 Deo
812 2598 859 2653 per
869 2588 1057 2652 commercium,
1076 2583 1144 2653 quod

218 2671 339 2742 precibus
357 2674 454 2739 nutrit,
473 2671 570 2740 populo
590 2686 636 2738 per
644 2671 900 2724 communicationem
909 2671 1059 2738 gratiarum,
1077 2683 1145 2738 quas

217 2759 289 2812 vslnt
306 2760 372 2813 alter
390 2761 498 2828 Moyses
516 2758 541 2810 ei
558 2755 680 2825 precibus
698 2755 829 2824 impetrat,
850 2755 904 2809 Deo
922 2757 1048 2822 denique,
1068 2755 1145 2808 debi-

218 2851 269 2898 tsm
293 2845 335 2898 illi
360 2845 471 2913 gloriam
502 2849 528 2898 et
554 2843 676 2897 honmsm
700 2841 827 2894 reddendo
855 2855 1020 2910 supremum,
1047 2839 1145 2909 populo

218 2931 354 2998 religionis
371 2931 503 2983 exercitiis
521 2930 625 2982 animas
648 2927 841 2983 sanctificando.
876 2927 1052 2993 Congruenter
1070 2925 1145 2995 proin

218 3015 246 3070 S.
264 3018 377 3070 Thomas
399 3033 427 3084 p.
445 3015 471 3068 3.
489 3032 514 3084 q.
532 3016 618 3088 22¹1.
636 3015 711 3080 dicit,
734 3015 819 3082 equod
836 3015 939 3083 proprie
963 3011 1078 3066 cilicium
1096 3025 1145 3066 sa-

207 3104 329 3176 cerdotis
343 3108 394 3164 est
416 3116 475 3156 esse
506 3102 671 3155 mediatorem
696 3101 774 3154 intcr
788 3102 871 3167 Deum
897 3105 922 3152 et
946 3099 1086 3167 populum:
1115 3098 1145 3150 in

176 3241 181 3248 ,
220 3192 343 3258 quantum
361 3188 463 3240 scilicet
485 3187 575 3240 diviua
591 3188 689 3258 populo
707 3187 784 3239 tradit
808 3185 886 3255 (unde
903 3185 997 3238 dicitur
1014 3183 1145 3250 sacerdos,
1171 3209 1172 3212 ¹

221 3276 298 3342 qussi
322 3287 398 3335 sacra
420 3271 500 3342 dans)
521 3273 664 3328 emendum
688 3272 755 3326 illud
779 3272 894 3328 Malach.
911 3273 936 3338 2,
955 3275 980 3324 i.
1014 3271 1146 3338 Legem

181 3361 413 3432 „requirent
437 3373 478 3414 ex
501 3373 555 3414 crs
580 3360 670 3430 ejus,
694 3357 797 3412 scilicet
821 3358 977 3416 sacerdotis:
1002 3359 1145 3423 etiterum,

217 3448 245 3500 in
264 3451 386 3516 qnantum
404 3461 494 3516 preces
515 3446 605 3516 populi
631 3445 686 3498 Deo
705 3445 791 3514 offert,
813 3451 838 3498 st
855 3462 901 3516 pro
924 3461 1013 3502 eorum
1030 3445 1146 3518 peccetis

218 3533 273 3585 Deo
297 3532 446 3602 aliqualiter
471 3531 609 3590 satisfacit.
651 3531 724 3586 Unde
749 3531 893 3600 Apostolus
920 3533 983 3586 dicit
1008 3531 1042 3596 sd
1065 3530 1145 3584 Hebr.

218 3618 244 3684 5,
263 3619 286 3672 1.
321 3619 427 3691 Omnis
449 3621 624 3708 Pontifex
641 3621 705 3674 sta!
722 3656 730 3672 .
748 3656 781 3677 ..
