2520 4152
468 185 697 256 „m-

80 364 172 421 st-cr
191 351 335 419 bones.
365 351 480 438 Atque
491 349 641 440 ejusdem
654 349 965 422 bonitstirfomn
980 375 1083 442 quam

79 437 345 514 comitemur,
368 433 524 530 adjungit
540 433 585 522 ¹),
608 436 738 502 dicens:
770 435 910 502 Bonus
931 445 1082 522 peston

78 519 256 584 animam
279 539 395 583 suam
417 518 536 603 ponit
560 539 636 602 pro
658 519 821 584 ovibus
844 519 942 585 euis.
986 520 1082 588 Fecit

78 601 170 687 quod
198 601 341 682 monuit,
380 599 525 666 ostendit
554 603 642 688 quod
665 602 779 688 jussit.
822 601 938 669 Bonae
965 613 1082 690 pastor

76 706 140 768 pne
165 683 285 750 ovibus
307 685 377 748 suis
401 684 544 748 enimam
568 707 661 750 suam
684 685 814 771 posuit,
851 694 888 750 ut
908 686 943 750 in
965 708 1081 750 sacra·

76 775 192 833 mento
214 778 327 832 metro
349 787 389 830 co
432 788 472 830 us
503 789 600 832 suum
632 774 667 830 ct
694 767 894 852 sanguinem
928 779 1083 848 verteret,

78 861 114 914 et
142 870 222 917 oves
241 869 336 995 ὃυαε
362 871 400 914 re
426 861 567 928 emerat,
596 850 709 914 curnis
732 872 813 914 suae
840 849 1000 916 alimento
1029 874 1081 916 se·

74 934 187 998 tiaret
273 941 387 996 stensa
415 931 513 996 nobis
542 943 604 996 est
621 932 662 996 dc
691 942 854 998 contemtu
883 935 998 998 mortis
1025 934 1082 998 via

79 1035 182 1102 quem
206 1035 406 1114 sequemur,
439 1016 594 1100 apposita
624 1025 676 1080 cst
702 1014 811 1080 forme
838 1019 892 1080 cui
914 1015 1082 1103 imprime·

75 1119 162 1161 mur.
206 1097 354 1162 Primum
376 1095 473 1162 nobis
495 1109 546 1163 est
568 1098 737 1162 exteriora
759 1107 874 1162 ncstrs
896 1099 1080 1177 misericor-

78 1179 169 1246 diter
195 1178 316 1246 cuibus
344 1180 418 1277 ejus
448 1179 657 1263 impendere:
686 1190 889 1268 postremum
918 1203 1019 1262 vero,
1052 1182 1083 1248 si

77 1283 218 1328 neccsse
242 1261 300 1344 sit,
323 1273 424 1327 ettam
444 1274 583 1327 mortem
606 1271 754 1328 nostram
778 1285 838 1349 pro
862 1263 987 1328 eisdem
1008 1263 1079 1328 ovi-

77 1343 144 1410 bus
166 1345 364 1409 ministrare.
406 1346 437 1409 A
460 1345 566 1430 primo
588 1357 698 1410 autem
720 1343 783 1410 boc
803 1344 938 1411 minimo
962 1367 1080 1433 perve-

75 1427 169 1493 nitur
192 1426 235 1492 ed
257 1438 459 1513 postremum
481 1430 602 1513 majus.
647 1427 712 1494 Sed
734 1449 808 1492 cum
836 1427 1080 1516 incomparabi-

75 1509 154 1575 liter
176 1508 277 1605 longe
300 1510 343 1575 'sit
368 1509 485 1576 melior
507 1512 619 1576 unima
642 1531 710 1598 qua
740 1511 905 1593 vivimus,
945 1527 1081 1577 terrena

79 1589 268 1657 abstantia
290 1613 390 1680 quum
414 1593 562 1658 exterius
585 1593 808 1680 possidemus:
837 1595 895 1680 qui
924 1618 994 1660 non
1022 1594 1083 1660 det

77 1696 140 1759 pro
162 1675 285 1740 ovibus
313 1674 535 1740 substantiam
558 1699 673 1756 suam,
708 1675 841 1762 quande
864 1699 923 1822 {uc
946 1677 998 1742 his
1021 1677 1080 1742 de·

76 1768 177 1822 turus
197 1766 248 1822 est
269 1759 413 1822 animam
436 1758 553 1822 suam?
585 1758 631 1824 Et
646 1769 725 1823 sunt
741 1757 866 1824 nonnul
884 1762 906 1840 i,
931 1759 1077 1845 quidum

77 1839 156 1926 plue
177 1849 344 1904 terrenum
366 1837 589 1904 substantiam
612 1862 712 1926 quam
734 1863 814 1906 oves
833 1840 987 1926 diligunt,
1010 1863 1077 1906 me·

76 1923 142 1988 rito
173 1944 292 1986 nomen
320 1923 463 2009 pastoris
493 1923 646 2022 perdunt
690 1923 742 1986 De
772 1922 895 2010 quibus
923 1927 1077 2012 protinus

78 2003 248 2072 subditur:
270 2003 560 2070 Mercensrrus
583 2017 738 2084 autem,
763 2008 892 2092 etqui
913 2029 989 2074 non
1012 2016 1080 2072 est

76 2095 248 2174 pastor,
270 2088 391 2174 cujus
413 2109 494 2152 non
519 2102 617 2152 sunt
638 2109 740 2153 oves
762 2091 986 2174 propriae,
1021 2090 1076 2153 vi·

81 2170 149 2236 det
169 2168 310 2258 lupum
336 2170 596 2252 venientem,
626 2182 667 2234 et
691 2170 875 2237 dimittit
897 2193 1013 2252 eves,
1038 2181 1080 2236 et

79 2253 204 2400 iug2it

163 2382 172 2399 .
205 2335 280 2400 Non
295 2345 426 2432 pastor,
450 2331 510 2398 sed
524 2337 751 2402 mercenarius
764 2348 915 2416 vocetur,
939 2338 997 2423 qui
1011 2358 1079 2402 non

103 2440 140 2482 rc
164 2439 274 2482 amore
296 2420 409 2483 intimo
431 2439 512 2482 oves
538 2419 752 2500 Dominicss,
776 2417 833 2482 sed
854 2419 898 2483 ad
913 2431 1078 2506 tempora·

78 2439 130 2566 ies
151 2500 320 2565 mercedes
341 2501 458 2586 pascit
503 2500 733 2568 Mercenarins
762 2503 889 2650 ‹iuippe
916 2513 985 2578 est,
1020 2502 1078 2586 qni

80 2583 189 2648 locum
213 2583 345 2669 quidem
368 2587 514 2669 pastoris
538 2596 647 2662 tenet,
683 2583 742 2649 sed
784 2607 865 2650 ucre
891 2587 1077 2651 animarum

79 2687 145 2732 non
169 2667 314 2750 quaerit:
337 2668 481 2734 terrenis
502 2667 680 2734 commodis
693 2666 812 2748 inhiat,
837 2667 961 2734 honore
980 2689 1076 2755 prae·

79 2747 215 2814 lationis
244 2749 387 2834 gaudet,
421 2761 484 2814 tem
511 2749 665 2816 crelibus
691 2749 792 2817 lucris
814 2749 999 2836 pascitur,'
1017 2751 1077 2814 im·

79 2840 185 2918 pensa
207 2829 272 2895 sibi
294 2829 337 2896 ab
359 2775 549 2898 hominibus
577 2834 766 2898 reuerentia
787 2831 942 2898 laetatur,
985 2833 1078 2896 Istae

78 2923 158 2979 sunt
179 2916 301 2978 etenim
329 2915 499 2979 mercedes
530 2915 744 2993 mercenarii,
776 2925 814 2979 ut
841 2937 901 2999 pro
932 2936 970 2978 eo
1003 2917 1077 2998 ipsc

78 2991 168 3083 quod
189 2997 226 3060 in
247 2998 409 3079 regimine
431 2997 580 3077 laborat,
608 2994 664 3058 hic
689 2995 777 3095 quod
800 2998 953 3077 quaerit,
985 2997 1076 3059 inve·

78 3079 169 3158 nint,
203 3087 236 3141 et
256 3077 301 3142 ub
323 3078 530 3144 haereditate
551 3079 666 3161 gregis
698 3100 733 3142 m
754 3089 921 3164 posterum
945 3076 1076 3143 alicnus

77 3161 211 3224 existat.
256 3159 379 3224 Utrum
410 3183 489 3226 vero
522 3171 639 3244 pastor
670 3159 733 3241 sit,
767 3181 813 3224 cn
841 3159 1077 3236 mercenariae,

76 3241 234 3327 cognosci
255 3246 421 3308 veraciter
442 3266 508 3310 non
531 3250 657 3328 potest,
687 3241 717 3306 si
744 3242 875 3308 occasio
897 3245 1077 3308 necessitu-
1158 3279 1161 3287 ·

76 3323 121 3390 tis
143 3321 247 3390 deest
290 3323 384 3390 Tran
407 3324 561 3392 nillitstie
583 3327 670 3392 enim
692 3334 856 3412 tempore,
878 3324 1076 3413 plerumque

75 3404 120 3474 sd
141 3406 255 3492 gnegis
283 3343 471 3476 cnstodium
497 3411 585 3474 aieret
609 3428 711 3474 verus
736 3417 870 3494 putor,
904 3409 952 3474 sic
975 3410 1076 3476 etiam

74 3491 301 3558 mercenarius
315 3500 396 3558 stet:
418 3490 476 3558 sed
495 3490 595 3580 lupus
611 3491 752 3558 veniens
765 3488 891 3558 indicet
905 3513 971 3579 quo
985 3492 1075 3579 quis·

109 3667 130 3733 ¹)
147 3661 214 3722 stu:
231 3665 377 3739 subjungit.
