2554 4172
464 209 691 276 -1ss-

77 376 223 458 melis,
254 374 482 444 diabolica.
528 377 645 458 Quae
677 386 823 444 autam
856 375 1095 442 desursum·

78 488 150 543 eet
172 473 408 562 sapientia,
431 478 606 563 primum
629 475 798 564 quiden
820 473 972 560 pudiea
994 484 1077 556 eat,

79 575 235 642 deinde
256 575 455 662 paoifios.
475 572 499 659 ¹)
545 577 671 644 Pudioa
692 573 859 654 videlieet,
883 573 963 659 quia
985 582 1077 640 caete

77 673 257 758 intelligit,
277 674 419 761 paoiiloa
440 684 561 758 autem,
584 677 664 762 quia
685 697 746 762 per
759 674 938 738 elationem
960 695 996 742 se
1017 673 1093 738 ari·-

77 774 169 840 nome
190 797 211 838 a
231 775 455 860 proximorum
477 775 636 841 ansietate
654 773 826 861 disjungit.
869 771 1078 840 admonendi

80 883 164 938 sunt
182 873 398 955 dissidentes,
420 883 458 937 ut
479 874 652 954 noverint,
688 872 778 959 quod
798 871 924 938 tamdiu
945 870 1089 940 nullom*

78 968 163 1037 boni
187 973 297 1055 operis
318 972 392 1037 Deo
424 973 620 1038 sacrificium
648 971 819 1066 imrpolant
833 1020 842 1052 ,
877 971 1037 1056 quamdiu
1057 995 1079 1038 a

79 1073 308 1159 proximorum
331 1072 470 1137 caritate
498 1070 696 1138 discordant.
744 1069 910 1156 Scriptum
934 1092 1077 1156 namque

82 1181 152 1238 est:
174 1171 218 1237 Si
241 1170 371 1236 offers
392 1193 540 1236 munus
562 1181 674 1235 tuum
696 1169 747 1235 ad
769 1169 925 1249 altore,
956 1182 996 1236 et
1018 1170 1078 1236 ibi

79 1271 335 1336 recordatus
355 1270 509 1352 fueris,
535 1271 640 1356 quis
661 1269 800 1335 irater
822 1279 925 1334 tuus
947 1267 1078 1337 habet

81 1369 252 1456 aliquid
273 1368 494 1436 adversum
514 1382 573 1452 te,
603 1367 819 1456 relinque
842 1368 908 1436 ibi
928 1391 1078 1435 munus

80 1478 198 1534 tuum
219 1480 321 1535 ente
342 1469 499 1552 altare,
532 1480 572 1534 et
593 1469 700 1536 vade
734 1469 861 1554 prius
890 1468 1076 1534 reoonei·

79 1567 182 1636 lieri
208 1567 337 1634 fratri
364 1580 454 1648 tuo,
484 1577 527 1634 et
558 1579 665 1634 tuno
693 1565 1079 1650 veniensofferes

78 1690 141 1734 mu
151 1691 228 1733 nus
251 1678 373 1734 tuum.
391 1667 417 1754 ²)
461 1669 516 1734 Ex
529 1691 596 1755 qua
609 1669 737 1734 soilioet
748 1669 982 1754 praeceptione
996 1688 1076 1753 pen·

77 1767 221 1833 seudum
244 1777 307 1847 est,
331 1789 469 1857 quorum
493 1768 602 1834 hostia
623 1767 811 1853 repellitur,
834 1788 934 1852 quam
958 1765 1076 1832 intole-

78 1864 200 1930 rabilis
230 1863 328 1950 errlpa
360 1874 573 1932 monstratur.
625 1866 711 1930 Nam
737 1889 812 1931 eum
841 1864 1076 1934 malecuncta

78 1961 178 2028 bouis
201 1961 420 2048 sequentibus
440 1963 625 2044 diluuntur,
648 1985 835 2050 pensemus,
860 1975 987 2050 quauta
1009 1967 1077 2032 sint
1148 2033 1151 2040 ,

33 2059 36 2068 ’
77 2060 167 2127 mola
189 2060 392 2142 discordiae,
420 2062 584 2147 quaenisi
607 2062 916 2128 extincteiunditus
937 2063 1074 2145 luerint,

79 2160 203 2226 bonum
227 2158 388 2245 subsequi
419 2184 486 2226 uon
514 2163 719 2246 permittunt.
761 2160 971 2228 Admonendi
1000 2173 1078 2230 sunt

7 2271 9 2276 '
79 2258 269 2341 dissordes,
292 2271 330 2324 ut
351 2261 381 2324 si
402 2283 502 2326 aures
525 2284 546 2327 a
568 2259 735 2328 mandatis
757 2258 957 2328 coelestibus
978 2260 1078 2330 deeli-

80 2370 179 2441 nant,
210 2359 330 2425 mentis
360 2359 472 2426 oeulos
500 2359 814 2428 adeousideranda
843 2381 906 2441 ea,
932 2383 1018 2448 quae
1041 2362 1077 2432 ia

80 2458 201 2524 infimis
223 2470 413 2540 versantur,
436 2463 605 2542 aperiant:
638 2460 727 2548 quod
749 2482 850 2546 saepe
873 2483 954 2528 aves
977 2464 1078 2530 unius

80 2557 297 2645 ejusdemque
319 2561 455 2644 generis
476 2582 549 2628 sese
573 2561 740 2628 socialiter
765 2559 909 2628 volando
931 2585 998 2630 non
1019 2551 1090 2630 de?

80 2665 208 2735 serunt,
229 2668 261 2722 et
283 2658 371 2744 quod
392 2661 559 2744 gregatim
581 2660 741 2728 animalia
762 2658 863 2726 bruta
881 2671 1076 2748 pascuntur.

79 2755 171 2836 Quia
194 2758 223 2822 si
244 2757 379 2825 solerter
400 2759 591 2845 aspicimus,
614 2759 845 2826 oonoordando
867 2758 1077 2830 sibiirratlo-

81 2855 172 2922 nalis
195 2869 315 2924 nature
327 2858 460 2939 indicat,
485 2869 647 2945 quantum
659 2859 781 2924 malum
804 2881 864 2942 per
879 2857 1077 2924 discordiam

80 2955 257 3020 rationalis
269 2968 390 3022 natura
403 2959 595 3039 committat,
617 2957 751 3044 quondo
774 2957 857 3022 haee
869 2977 888 3018 a
899 2955 1040 3020 rationis
1051 2952 1077 3036 ³)

80 3054 267 3120 intentione
288 3055 443 3140 perdidit,
467 3056 558 3144 quod
580 3054 737 3123 illsmotu
755 3052 902 3124 naturali
924 3053 1091 3124 eustodlt.·

142 3152 189 3230 At
212 3163 327 3220 eontra
350 3153 550 3222 admonendi
578 3163 655 3220 sunt
675 3151 804 3236 papati,
834 3171 876 3214 ne
898 3149 978 3218 dum
999 3152 1089 3238 plus

79 3273 183 3340 quam
203 3271 341 3316 neeesse
363 3263 429 3334 est,
452 3273 584 3341 paoem,
614 3271 714 3337 quam
735 3248 919 3340 possident,
950 3262 1076 3333 emant.

80 3350 126 3416 ad
147 3357 344 3438 perpetuom
365 3355 543 3438 pervenite
572 3372 640 3419 uon
662 3358 832 3436 appetent
874 3349 1094 3458 Plerumque

80 3487 373 3511 amno-nunan-

108 3572 129 3636 ·)
146 3570 235 3624 sams.
252 3568 278 3638 a,
299 3570 338 3639 rr,
354 3571 396 3628 15.
418 3571 457 3623 rr.
475 3599 509 3611 -
528 3568 547 3634 ²)
566 3571 654 3624 usus.
672 3571 697 3638 s,
716 3567 758 3623 23.
776 3567 820 3621 tr.
838 3596 871 3608 -
890 3565 914 3636 ⁸)
934 3569 1000 3622 our.
1017 3583 1079 3622 eun

149 3655 266 3712 truse.
