2556 4150
564 159 768 227 -46,

163 326 276 408 tionis,
296 323 461 395 hicne-lus
480 325 616 393 ultionis
632 326 691 414 jus
711 326 1041 414 aperuitpctestatis.
1071 328 1164 396 Pau·

163 425 216 497 lus
237 425 322 494 bene
341 424 525 510 agentibus
546 423 712 492 fratribus
738 422 929 512 praelatum
952 448 987 492 se
1010 449 1082 497 esse
1101 450 1163 497 ue-

164 523 309 606 saiebat,
332 547 407 592 cum
429 525 569 591 diceret:
606 522 693 589 Non
717 527 813 612 quia
835 523 1093 594 dominamur
1112 527 1162 594 fi-

163 623 231 690 dei
261 633 448 705 vestrae,
474 624 553 691 sed
581 625 800 712 adjutores
832 647 975 691 sumus
1004 623 1163 711 gaudii

162 725 306 791 vestri.
350 723 463 810 Atque
486 724 576 790 illico
605 724 777 811 adjunxit:
811 724 912 790 Fide
942 727 1052 792 enim
1080 735 1160 792 sta·

162 826 230 888 tis.
252 821 279 910 ¹)
322 823 374 890 Ac
396 824 425 888 si
444 825 498 906 id,
518 823 611 910 ‚quod
626 823 833 909 protulerat,
856 825 1016 910 aperiret,
1038 823 1163 894 dicens:

163 921 336 989 ldeonon
359 921 567 990 dominamur
588 923 666 1000 fidei
688 933 823 992 vestrae
835 972 845 1006 ,
870 925 950 1009 quia
973 921 1038 990 fide
1054 924 1163 1008 statis;

161 1022 322 1109 aequales
348 1023 439 1100 ¹enim
462 1022 557 1088 vobis
588 1046 720 1107 sumus,
749 1023 785 1090 in
815 1046 881 1108 quo
910 1047 970 1091 vos
993 1034 1085 1090 stara
1106 1046 1162 1090 co-

151 1125 363 1206 ·‘gnoscimus
408 1121 516 1204 Quasi
538 1121 724 1208 praelatum
757 1145 791 1188 se
815 1122 977 1191 fratribus
1007 1146 1079 1188 esse
1102 1145 1160 1190 ne·

161 1221 308 1304 sciebat,
337 1243 411 1288 cum
434 1220 574 1294 diceret:
606 1224 731 1290 Facti
761 1245 905 1289 sumus
934 1225 1046 1288 sieut
1067 1244 1160 1308 par·

160 1320 253 1384 vuli
281 1322 323 1385 in
352 1319 485 1386 medio
517 1332 713 1386 vestrum.
735 1323 761 1404 ²)
816 1321 861 1386 Et
891 1344 1039 1387 rursum:
1076 1315 1160 1394 Nos

160 1429 300 1487 autem
324 1441 477 1486 servos
500 1431 669 1488 vestros
691 1441 763 1506 per
785 1419 1009 1487 Christum.
1029 1419 1055 1504 3)
1090 1419 1161 1486 Sed

160 1540 237 1586 cum
256 1517 407 1606 culpam,
432 1543 518 1607 quae
540 1521 665 1604 corrigi
686 1518 875 1599 debuisset,
898 1520 1046 1600 invenit,
1069 1519 1161 1586 illico

159 1617 355 1702 magistrum
378 1641 413 1684 se
436 1641 508 1684 esse
531 1619 690 1702 recol-uit,
712 1619 842 1684 dicens:
876 1615 985 1700 Quid
1008 1617 1162 1686 vultis?

159 1715 207 1782 In
230 1716 352 1802 virga
371 1720 532 1784 veniam
555 1718 606 1784 ad
627 1719 724 1783 vos?
744 1714 773 1802 l)

179 1847 182 1854 ·
224 1815 377 1882 Summus
398 1819 513 1904 itaque
536 1816 628 1882 loeus
650 1816 735 1883 bene
758 1816 908 1900 regitur,
938 1833 1013 1880 cum
1034 1815 1076 1896 is,
1100 1819 1160 1902 qui

158 1926 315 2000 praeest,
356 1918 450 1982 vitiis
479 1918 606 2004 potius,
640 1939 741 2002 quam
768 1915 928 1984 fratribus
962 1913 1162 1980 dominatur.

160 2009 226 2078 Sed
250 2035 324 2080 cum
347 2015 580 2102 delinquentes
603 2015 751 2082 subditos
768 2013 953 2102 praepositi
975 2014 1161 2098 corrigunt,

91 2111 92 2115 ’
162 2120 267 2178 restat
291 2137 426 2180 neeesse
450 2124 515 2197 est,
537 2125 575 2180 ut
599 2115 738 2180 sollicite
762 2113 954 2195 attendant,
991 2122 1158 2193 quatenus

161 2233 222 2296 per
244 2213 442 2301 disciplinae
464 2215 612 2280 debitum
634 2214 752 2300 culpas
775 2213 907 2299 quidem
919 2215 998 2298 jure
1012 2219 1156 2297 potesta-

161 2315 204 2378 tis
226 2310 365 2394 feriant,
399 2314 457 2380 sed
478 2336 539 2400 per
560 2311 756 2378 humilitatis
784 2309 968 2377 custodiam
996 2309 1161 2399 aequales

163 2436 198 2479 se
211 2414 295 2500 ipsis
307 2412 480 2495 fratribus,
506 2415 563 2498 qui
578 2413 801 2494 corriguntur,
826 2419 1021 2494 agnoscant:
1042 2430 1158 2494 quam-

145 2516 214 2578 ‘vis
236 2511 433 2599 plerumque
457 2514 556 2576 etiam
579 2511 717 2594 dignum
740 2519 806 2592 est,
832 2518 870 2573 ut
893 2509 1044 2590 eosdem,
1075 2528 1160 2594 quos

161 2611 378 2696 corrigimus,
419 2612 521 2676 tacita
556 2611 655 2675 nobis
687 2609 887 2694 cogitatione
916 2606 1156 2694 praeferamus.

160 2711 302 2778 Illorum
323 2732 467 2796 namque
490 2731 550 2795 per
571 2730 631 2774 nos
654 2709 738 2774 vitia
761 2705 957 2796 disciplinae
978 2703 1124 2791 vigores
1144 2741 1156 2754 ·

160 2812 311 2893 riuntnr,
347 2811 382 2874 in
411 2810 463 2873 his
493 2831 588 2891 vero,
623 2829 710 2892 qnae
741 2808 805 2895 ipsi
829 2806 1080 2881 committimus,
1114 2827 1157 2868 ne

160 2910 255 2977 verbi
276 2911 408 2998 quidem
429 2908 473 2974 ab
497 2907 611 2998 aliquo
623 2909 811 2974 invectione
821 2907 1017 2972 laceramur.
1048 2904 1156 2969 Tanto

162 3033 240 3094 ergo
274 3008 366 3096 apud
400 3009 579 3074 Dominum
614 3007 826 3093 obligatiores
863 3027 993 3087 sumus,
1032 3010 1159 3089 quanto

162 3108 253 3196 apud
280 3107 430 3175 homines
459 3107 564 3173 inulte
591 3129 780 3195 peccamus.
827 3103 1015 3191 Disciplina
1045 3111 1157 3166 autem

159 3217 275 3274 nocua
298 3205 447 3272 subditos
469 3205 581 3274 divino
597 3205 727 3294 judicio
741 3214 837 3271 tanto
851 3203 1024 3269 liberiores
1036 3199 1155 3284 reddit,

161 3315 286 3396 quanto
306 3305 360 3371 hic
382 3327 495 3372 eorum
518 3305 636 3393 culpas
665 3306 738 3370 sine
764 3303 913 3372 vindicta
934 3325 1002 3370 non
1023 3299 1157 3386 deserit.

167 3473 449 3486 n———un—n———n

179 3513 1152 3613 ¹¹)2.cor.1‚23.-²)t.rress.a‚7.-⁸)2.oor.4,o.-

246 3629 497 3700 ⁴)1.cor.4,21.
780 3693 783 3698 ,
880 3634 889 3661 s
1138 3652 1141 3670 2
