2520 4152
507 227 550 240 ω
589 180 649 257 1⁸1
694 223 733 240 -

117 378 160 428 eo
181 353 410 426 crebrioribus
427 353 560 440 sagittis
580 349 785 422 irisidiatoris
803 343 1017 442 impetuntur.
1030 399 1033 404 ·
1048 353 1119 438 Qu
1154 345 1157 348 ’

115 463 217 525 tento
237 453 409 522 ardentius
431 450 517 519 solet
528 453 624 538 erigi,
647 458 775 542 quanto
791 449 961 520 robustius
983 477 1020 520 ee
1038 469 1116 522 cont

120 556 223 644 spicit
239 553 344 621 vinci:
365 561 527 638 tantoque
541 549 790 618 intolerabilius
803 550 1116 636 dedignaturviuoi,

120 663 249 743 quanto
271 661 388 719 contra
410 674 446 716 se
468 650 559 718 videt
586 672 648 735 per
669 651 803 735 integra
829 649 980 716 infirmae
1003 653 1138 720 carnis·

119 764 234 824 castra
266 751 420 838 pugnari.
471 748 682 817 Admoueudi
710 759 805 832 sunt,
839 759 878 816 ut
907 750 1118 818 incessanter

120 853 273 940 praemia
294 851 496 939 suspiciant,
525 860 560 915 et
581 847 725 918 libenter
747 849 862 936 procul
883 848 986 916 dubio
1008 859 1115 916 tenta·

120 941 248 1020 tionum
281 971 367 1038 quas
400 948 548 1015 tolerant
580 948 712 1014 labores
734 947 923 1016 calcabunt.
968 949 1004 1014 Si
1026 949 1116 1015 enim

121 1049 316 1118 attendatur
342 1049 501 1133 felicitas,
536 1069 623 1135 quas
651 1049 723 1114 siue
755 1051 901 1115 transitu
931 1049 1117 1134 attingitur,

49 1149 51 1156 ’
118 1149 197 1216 leve
218 1149 268 1232 fit,
293 1146 383 1237 quod
396 1145 602 1215 transeundo
618 1145 799 1214 laboratur.
842 1146 1004 1230 Audient,
1029 1146 1117 1236 quod
1224 1231 1229 1246 l

118 1273 184 1338 per
215 1247 412 1337 prophetam
440 1246 578 1314 dicitur:
612 1247 725 1313 Haeo
754 1247 1117 1336 dicitADominus

122 1347 345 1414 eunuchis:
379 1346 460 1427 Qui
488 1346 784 1412 custodierint
813 1346 995 1413 sabbata
1015 1366 1115 1426 mea,

12 1523 17 1532 Ι
123 1457 163 1512 et
191 1446 416 1531 elegerint,
444 1467 550 1531 quae
581 1446 718 1529 volui,
748 1456 787 1512 et
814 1446 967 1514 foedus
989 1465 1117 1510 meum

121 1546 361 1613 tenuerint:
390 1525 497 1611 daho
520 1547 648 1610 eisin
670 1544 783 1611 domo
805 1569 894 1612 mea
916 1556 955 1612 et
977 1547 1018 1610 in
1039 1565 1117 1609 mu·

119 1646 182 1710 ris
204 1645 307 1709 meis
328 1643 474 1726 locum,
505 1654 543 1710 et
563 1667 706 1711 nomen
727 1643 876 1711 melius
898 1668 919 1710 a
940 1645 1057 1710 filiis
1080 1653 1118 1708 et

119 1743 316 1810 filiabus.
335 1744 360 1831 ¹)
403 1741 561 1811 Eunuchi
583 1745 707 1832 quippe
730 1754 818 1826 sunt,
843 1744 900 1832 qui
920 1742 1118 1830 compressis

121 1843 267 1909 motibus
294 1844 405 1909 caruis
431 1841 585 1908 affectum
615 1845 652 1908 in
679 1866 714 1910 se
742 1844 842 1931 pravi
870 1845 982 1931 operis
1009 1841 1118 1908 absol·

124 1940 217 2009 dunt.
268 1942 343 2023 Quo
375 1952 486 2007 autem
518 1942 610 2029 apud
641 1943 775 2009 Patrem
811 1944 881 2010 loeo
917 1939 1118 2025 habeantur,

125 2041 323 2126 ostenditur3
353 2043 433 2130 quia
461 2045 497 2110 in
532 2041 626 2109 domo
657 2043 769 2110 Patris
796 2043 949 2109 videlicet
978 2053 1119 2108 aeterna

123 2142 297 2207 mansione
318 2144 416 2208 etiam
438 2141 515 2208 filiis
546 2142 794 2231 praeferuntur.
836 2142 1002 2227 Audiam,
1030 2140 1120 2226 qnod

122 2263 185 2329 per
204 2241 369 2308 ,Ioannem
390 2240 529 2309 dicitu‘r:
557 2242 609 2306 Hi
633 2251 753 2336 suut,¹
778 2242 957 2328 quicum
977 2240 1120 2306 mulie·

122 2338 246 2406 ribus
267 2363 351 2407 non
374 2352 470 2408 suut
492 2342 772 2428 coinquinati:
796 2342 987 2432 virgines
1009 2341 1121 2406 euim

126 2450 242 2523 sunt,
274 2450 313 2506 et
342 2451 584 2530 sequuntur
613 2441 800 2527 Agnum,
837 2461 1120 2528 quocumque

125 2541 238 2606 ierit
257 2542 284 2627 2)
327 2542 372 2607 Et
400 2541 490 2629 quod
519 2542 685 2608 canticum
716 2549 871 2623 cantant,
907 2540 998 2629 quod
1024 2563 1121 2609 nemo

123 2649 233 2726 potest
253 2640 376 2723 dicere,
399 2641 466 2708 nisi
487 2640 547 2706 illa
569 2651 701 2706 centum
729 2640 955 2727 quadraginta
978 2652 1122 2730 quatuor

122 2738 238 2804 millia.
283 2737 507 2826 Singulariter
522 2742 646 2828 quippe
670 2743 837 2822 cauticum
859 2741 957 2828 Agno
982 2753 1121 2809 cantare

16 2857 20 2864 ·
124 2849 189 2920 cst,
211 2861 286 2905 oum
300 2861 338 2904 eo
353 2841 601 2927 inperpetuum
616 2863 697 2926 prae
714 2842 841 2906 cunctis
851 2839 1006 2906 fidelibus
1021 2843 1122 2908 etiam

126 2935 168 3000 de
189 2940 438 3026 incormptione
451 2940 561 3006 caruis
575 2940 731 3025 gaudere.
775 2939 873 3019 Quod
887 2949 1000 3004 tamen
1023 2940 1122 3006 electi

127 3039 229 3101 ceteri
242 3037 407 3104 canticum
419 3036 536 3104 audire
546 3049 698 3126 possunt,
723 3037 801 3104 licet
813 3037 922 3104 dicere
933 3049 1122 3124 nequeant3
1157 3079 1158 3082 =
1234 3043 1236 3048 ’

127 3136 209 3223 quia
234 3161 295 3225 per
322 3139 495 3205 caritatem
527 3137 662 3225 quidem
691 3139 724 3203 in
758 3137 893 3203 illorum
922 3138 1122 3204 celsitudine

124 3234 209 3300 laeti
218 3247 307 3321 sunt,
328 3239 481 3326 quamvis
501 3236 545 3304 ad
560 3259 675 3303 eorum
689 3239 839 3326 praemia
853 3260 920 3304 non
931 3246 1120 3322 assurgant

124 3333 277 3404 Audiant
298 3350 505 3426 peccatorum
526 3340 638 3404 earnis
661 3339 790 3424 ignari,
814 3337 903 3426 quod
920 3357 981 3424 per
1003 3340 1121 3403 s'emet·

124 3436 235 3523 ipsam
257 3435 299 3501 de
320 3436 386 3504 hao
394 3438 586 3524 integritate
600 3438 737 3507 Veritas
758 3437 852 3504 dicit:
873 3436 961 3503 Non
982 3457 1123 3504 omnes

160 3646 183 3715 ι)
199 3647 264 3703 nat
281 3647 323 3718 se,
341 3648 367 3704 4.
384 3650 410 3705 a.
431 3679 466 3704 -2
482 3649 504 3719 η
520 3653 602 3722 epse
622 3649 664 3720 u,
681 3651 707 3708 ι.
