2556 4150
531 188 767 259 ·-..u..

160 379 338 448 perverms
362 359 444 446 June
472 356 683 427 rectitudinis
712 377 868 426 exeruere
898 380 966 427 non
993 357 1160 428 tormidet»

166 459 253 524 llam
275 458 361 523 siout
381 458 417 523 in
437 455 531 522 libris
552 454 735 523 moralibus
751 455 782 544 ¹)
801 458 992 524 dixisseme
1013 461 1159 544 memini,

158 558 280 645 liquet,
304 555 393 644 quod
414 577 531 622 omnes
550 555 700 622 homines
711 566 833 627 natura
845 556 1007 644 aequales
1028 561 1158 644 genuit,

162 655 223 722 sed
258 651 411 723 variante
443 654 635 720 meritorum
673 653 790 722 ordine
825 655 907 722 alios
944 656 1022 722 aliie
1056 657 1160 746 culpa

160 756 341 843 postponit.
383 755 465 842 Ipsa
486 761 599 820 autem
621 755 816 838 diversitas,
840 777 927 842 quae
949 757 1093 821 aooessit
1115 778 1158 822 ex

161 856 255 938 vitio,
279 853 391 920 divino
410 851 541 942 judioio
552 853 779 941 dispensatur,
802 865 840 920 ut
854 856 934 940 quia
944 857 1050 924 omnis
1060 853 1156 922 homo

161 977 269 1043 aeque
300 964 389 1022 stare
426 975 496 1020 non
525 953 638 1036 valet,
668 953 756 1020 alter
791 966 929 1040 regatur
961 954 1004 1019 ab
1039 953 1156 1020 altero.

161 1055 259 1121 Unde
282 1055 414 1135 ounoti,
448 1053 506 1140 qui
532 1063 712 1140 praesunt,
739 1077 806 1121 non
834 1055 870 1121 in
903 1076 938 1120 se
959 1063 1157 1140 potestatem

160 1152 285 1219 debent
296 1153 433 1235 ordinis,
456 1151 515 1217 sed
530 1151 770 1240 aequalitatem
780 1175 924 1241 pensare
941 1153 1159 1234 conditionis3

159 1277 223 1319 nee
243 1273 400 1340 praeesse
416 1273 451 1316 se
464 1251 654 1317 hominibus
670 1253 854 1338 gaudeant,
878 1253 936 1318 sed
951 1251 1154 1338 prodesse.²)

157 1351 299 1438 Antiqui
329 1352 451 1416 etenim
480 1358 595 1438 patres
624 1352 727 1417 nostri
758 1375 824 1415 non
852 1373 950 1435 reges
972 1349 1154 1432 hominum,

159 1449 219 1514 sed
240 1458 392 1536 pastores
423 1471 581 1536 pecorum
609 1448 713 1515 fuisse
742 1458 974 1518 momorantur.
1016 1450 1157 1516 Etcum

159 1548 229 1613 Noe
251 1549 417 1614 Dominus
448 1546 592 1634 filiisque
619 1550 693 1634 ejus
725 1546 865 1613 dioeret:
894 1547 1093 1614 Crescite
1117 1558 1157 1612 et
1236 1569 1238 1574 ’

157 1645 524 1732 multiplicamini,
548 1659 591 1712 et
610 1647 778 1732 replete
803 1655 978 1728 terram3
1000 1648 1156 1732 protinus

158 1747 331 1835 adjunxit:
353 1747 404 1812 Et
426 1757 572 1813 terror
594 1745 743 1810 vester
766 1767 809 1810 ac
831 1755 994 1810 tremor
1018 1747 1072 1809 sit
1095 1769 1156 1810 su-

157 1869 231 1932 per
253 1856 405 1910 cuneta
427 1845 628 1910 animalia
650 1856 804 1910 terrae.
820 1842 845 1927 3)
891 1843 1040 1923 Quorum
1062 1841 1154 1908 vide-

158 1945 237 2010 lieet
267 1955 376 2010 terror
405 1964 444 2009 ao
473 1952 615 2027 tremor,
651 1944 730 2030 quia
767 1966 840 2009 esse
870 1964 971 2029 super
999 1940 1156 2006 animalia

156 2053 268 2120 terrae
291 2045 509 2131 praecipitur,
533 2043 681 2131 profecto
704 2065 778 2108 esse
794 2066 894 2129 super
916 2041 1065 2106 homines
1079 2061 1155 2128 pro-

158 2141 304 2212 hibetur.
345 2143 450 2209 Homo
465 2144 589 2232 quippe
601 2141 710 2207 brutis
722 2139 936 2223 animalibus,
958 2161 1024 2206 non
1045 2149 1154 2204 autem

156 2241 348 2308 hominibus
375 2243 497 2308 ceteris
526 2252 648 2308 natura
678 2239 854 2328 praelatus
880 2250 950 2320 est,
974 2238 1151 2303 etidcirco

155 2342 187 2406 ei
209 2339 347 2424 dieitur,
378 2353 417 2405 ut
439 2341 482 2404 ab
512 2340 712 2406 animalibus
741 2349 775 2404 et
796 2361 863 2404 non
881 2336 933 2402 ab
964 2337 1153 2402 hominibus

154 2441 331 2522 timeatur,
367 2439 446 2526 quia
475 2449 590 2503 contra
620 2447 776 2502 naturam
809 2435 986 2524 superbire
1017 2446 1083 2516 ost,
1106 2433 1151 2500 ab

156 2538 292 2624 aequali
314 2536 401 2603 velle
424 2538 541 2600 timeri.
584 2535 752 2602 Ettamen
765 2556 903 2600 necesse
925 2545 997 2616 est,
1022 2543 1060 2600 ut
1080 2554 1151 2597 reo·

154 2647 243 2702 tores
272 2660 293 2703 a
327 2635 470 2702 subditis
497 2636 695 2717 timeantur,
730 2633 864 2722 quando
893 2633 936 2698 ab
965 2634 1012 2698 eis
1040 2631 1153 2698 Deum

155 2735 290 2802 minime
312 2734 422 2800 timeri
443 2732 707 2818 deprehendunt
729 2743 766 2798 ut
779 2732 926 2798 humana
949 2729 1066 2796 saltem
1088 2729 1152 2800 for·

154 2835 279 2902 midine
301 2856 440 2921 peceare
458 2841 621 2915 metuant,
646 2833 704 2919 qui
726 2831 840 2899 divina
857 2829 988 2918 judicia
999 2850 1064 2894 non
1083 2829 1152 2895 for·

156 2934 293 3003 midant
351 2932 573 3018 Nequaquam
609 2953 753 3017 namque
788 2930 975 3019 praepositi
1015 2951 1058 2994 ex
1091 2929 1153 2994 hoe

157 3033 311 3120 quaesito
340 3032 458 3098 timore
489 3027 706 3116 superbiunt,
728 3031 764 3096 in
788 3053 853 3118 quo
875 3051 943 3094 non
966 3050 1062 3096 suam
1083 3026 1151 3115 glo·

154 3131 257 3214 riam,
294 3129 354 3195 sed
383 3127 590 3196 subditorum
619 3130 787 3217 justitiam
817 3136 992 3214 quaerunt.
1044 3127 1085 3193 In
1114 3147 1152 3198 eo

158 3283 454 3300 W
514 3293 515 3296 ,

184 3389 208 3458 “)
224 3389 283 3444 Lib.
300 3389 342 3456 21,
360 3399 418 3457 cap.
437 3387 478 3440 21.
496 3389 553 3441 alit.
572 3389 616 3454 to,
641 3388 711 3458 quod
732 3401 779 3456 per
793 3387 939 3455 ‚integrum
950 3387 983 3442 ris
1000 3389 1049 3442 hoe
1066 3403 1151 3455 arpo⁴

159 3478 162 3489 ¹
222 3481 309 3530 mento
325 3479 426 3529 nentur.
452 3491 486 3514 -e
513 3473 534 3544 ¹)
552 3475 623 3526 Hteo
646 3479 680 3528 tx
697 3471 724 3526 S.
742 3474 771 3526 1³.
791 3473 925 3527 mermi
948 3475 1050 3542 Reputo
1067 3473 1152 3542 seddi

223 3562 373 3632 deprompta
391 3563 521 3616 ridentur:
546 3561 685 3630 „sciatque
702 3557 819 3630 (Abbius),
837 3559 888 3613 sibi
904 3561 1153 3629 oporteoeprutesse

210 3647 414 3720 magia-quam
430 3647 578 3720 praeesse.“
596 3673 630 3687 ··-
649 3645 670 3715 ⁸)
688 3645 753 3703 Gen.
766 3646 796 3712 9,
815 3646 841 3697 1³
858 3647 897 3698 ⁷..
1001 3660 1017 3679 ··
1058 3650 1062 3682 =
1091 3644 1099 3697 ι’
