2556 4150
523 171 565 184 --
606 133 648 200 li
691 169 744 200 -.

124 301 302 372 Servanda
332 301 449 387 inque
478 310 529 366 est
565 308 599 365 et
634 300 670 366 in
697 300 795 367 eorde
822 298 994 368 hurnilitas
1024 311 1069 367 et·
1089 302 1127 368 iu

124 423 225 490 opere
248 399 433 488 disciplina.
476 399 588 488 Atque
610 401 698 464 inter
719 399 804 467 haec
825 399 965 468 solerter
991 401 1124 468 intusu-

122 501 202 569 dum
231 509 300 582 est,
340 497 494 564 nedum
520 500 771 566 immoderatius
801 498 987 584 custoditur
1015 501 1126 568 virtus

124 598 336 682 humilitatis,
361 597 637 686 solventur-‘jura
655 598 847 685 regminis,
870 607 903 664 et
923 598 1001 664 dom
1023 621 1126 686 pree-

122 699 210 766 lstns
230 698 375 786 quisque
397 696 474 782 plus
506 721 542 764 se
566 719 666 784 quam
687 699 784 765 decet
807 697 940 786 dejicit,
972 697 1126 766 subdito-1

124 820 198 864 rom
221 799 326 864 vitem
347 796 511 880 stringere
533 795 596 862 sub
609 797 808 884 disciplinae
822 798 955 866 vinculo
967 821 1033 864 non
1047 821 1127 887 pos-

125 899 180 965 sit.
221 897 374 962 'lleneum
394 917 474 981 ergo
489 905 646 962 remores
664 896 832 978 cnterius,
860 897 951 984 quod
966 919 1029 986 pro
1045 897 1126 964 alio·

123 1019 196 1066 mm
220 996 367 1063 utilitate
389 996 594 1084 suscipiunt3
623 1007 758 1064 servent
783 997 942 1079 interius,
973 995 1062 1084 quod
1081 995 1126 1062 de

122 1121 184 1164 sua
207 1095 438 1161 aestimatione
458 1095 706 1180 pertimescunt.
751 1094 819 1162 Sed
838 1104 951 1162 tamen
983 1094 1124 1180 quibuse

121 1195 198 1262 dum
220 1195 325 1280 signio
349 1192 505 1260 decenter
526 1193 778 1282 erumpentibus
800 1219 857 1262 eos
881 1195 972 1284 apud
993 1218 1029 1262 se
1048 1217 1125 1260 esse

123 1292 267 1358 humiles
288 1294 388 1358 etism
411 1291 553 1380 subjecti
566 1292 836 1381 deprehendam
860 1294 1124 1380 quatenusetiu

124 1393 320 1460 auctoritate
341 1413 477 1468 eornm,
507 1390 596 1479 qnod
615 1392 812 1475 formident,
838 1392 998 1478 videant,
1013 1406 1061 1460 ¹et
1083 1392 1126 1460 dn

123 1489 333 1574 humilitate,
363 1490 461 1578 ·quod
490 1493 683 1574 imitentur,
716 1502 911 1577 agnoscent
957 1492 1127 1562 Stndoent

121 1591 225 1678 igitur
256 1591 326 1656 sine
355 1591 618 1684 intermissione,
653 1593 711 1678 qui
733 1605 913 1678 praesunt,
949 1604 1126 1660 uteorum

109 1681 273 1778 'psentia
288 1699 413 1775 quanto
426 1709 549 1776 magna
564 1693 713 1758 exterius
731 1693 898 1774 cernitur,
922 1700 1016 1758 tanto
1033 1691 1124 1779 apud

123 1809 181 1857 eos
202 1791 344 1857 interius
365 1789 583 1876 deprimatur,
605 1813 648 1856 ne
667 1792 905 1876 cogitationem
926 1793 1055 1873 vincet,
1076 1813 1122 1858 ne

12 1941 16 1948 .
123 1889 159 1953 in
182 1887 434 1956 delectationem
456 1890 508 1954 eui
530 1892 676 1958 animum
697 1891 828 1977 rapiet,
851 1913 894 1956 ne
912 1892 984 1978 jem
1006 1890 1069 1956 sub
1085 1911 1122 1956 se

128 2005 220 2049 mens
243 2007 315 2052 eam
336 2009 451 2072 regere
475 2010 540 2054 nou
560 1987 684 2075 pessit,
716 1989 770 2054 oui
793 2012 828 2054 se
857 1989 996 2054 libidine
1018 1987 1122 2055 domi·
1185 2027 1200 2050 .

123 2083 226 2150 nendi
253 2090 417 2173 supponit.
462 2086 512 2168 Ne
542 2087 628 2152 enim
659 2085 883 2173 praesidentis
912 2089 1043 2153 unimus
1076 2085 1121 2152 ad

125 2181 300 2250 elationem
317 2188 491 2272 potestatis
507 2207 589 2252 suae
605 2184 828 2250 delectatione
842 2187 1007 2270 rapiatur,
1029 2195 1122 2252 recte

123 2302 185 2368 per
207 2285 380 2370 quemdum
403 2287 594 2373 sapientem
614 2285 750 2352 dieitur:
781 2285 934 2352 Ducem
962 2296 1003 2351 te
1030 2308 1121 2352 con·

124 2386 377 2468 stituerunt,
411 2385 502 2453 noli
524 2386 703 2467 extolli,
735 2383 806 2450 sed
834 2395 925 2450 esto
955 2378 1118 2470 inillis,
1173 2383 1175 2387 ’

124 2485 244 2566 quasi
267 2507 374 2551 unus
404 2508 452 2550 ex
479 2485 584 2552 illis.
607 2483 631 2571 ¹)
675 2486 763 2552 Hinc
784 2487 884 2552 etium
915 2487 1036 2552 Petrus
1056 2487 1119 2552 eit:

122 2579 212 2647 Non
239 2582 503 2650 dominantes
533 2586 573 2650 in
601 2584 734 2667 clero,
764 2586 836 2651 sed
864 2585 1119 2652 formatacti

96 2763 101 2770 ,
120 2685 272 2767 gregis.
293 2681 319 2768 ²)
361 2683 450 2749 Hinc
471 2706 532 2769 per
553 2686 764 2771 semetipsam
785 2685 918 2751 Veritas
941 2685 984 2750 ad
997 2685 1120 2752 altiora

119 2801 179 2846 nos
195 2783 355 2848 virtutum
368 2784 488 2848 merita
501 2805 708 2870 provocans,
732 2783 824 2851 dicit:
848 2783 993 2865 Scitis,
1018 2783 1118 2869 quie

120 2880 341 2966 principes
371 2884 565 2967 gentium
588 2883 861 2950 dominantur
890 2905 1046 2965 eorum,
1077 2891 1120 2951 et

121 2978 192 3062 qui
214 2980 400 3065 majores
423 2993 539 3065 sunt,
562 2993 814 3068 potestatem
845 2991 1053 3048 exercent
1074 2983 1118 3050 in

120 3093 198 3140 eos.
241 3075 327 3142 Non
348 3079 406 3146 ita
428 3084 507 3147 erit
527 3082 642 3147 inter
664 3103 754 3163 vos,
777 3080 849 3148 sed
870 3081 1116 3169 quicumque

120 3172 310 3239 uoluerit
337 3177 450 3243 inter
475 3203 549 3246 sos
570 3181 703 3266 major
730 3180 855 3263 fieri,
889 3182 943 3248 sit
970 3189 1117 3246 vester

119 3274 330 3356 minister,
354 3287 395 3342 et
417 3281 488 3363 qui
508 3277 698 3346 voluerit
717 3280 832 3364 inter
853 3303 927 3348 ros
950 3281 1119 3366 primus.

121 3393 234 3458 esse,
257 3374 342 3438 erit
364 3386 510 3443 vester
532 3399 695 3464 servus3
718 3381 828 3447 siout
848 3381 973 3446 filius
994 3375 1114 3444 homi·

149 3549 155 3559 ι

155 3589 178 3659 ·)
204 3589 349 3664 uesieu,
368 3596 397 3653 t.
411 3620 441 3640 ι»
462 3595 483 3662 ²)
502 3597 525 3652 1·
543 3596 653 3668 essu
674 3598 700 3655 a
757 3637 760 3644 ,
