2556 4150
575 231 757 296 -8..

162 395 207 464 Si
227 419 376 466 caecus
399 417 524 464 caeco
550 396 750 464 ducatum
782 401 1014 488 praebeat,
1044 403 1163 469 ambo

161 496 206 564 in
225 498 391 565 foveam
410 494 569 564 cadunt.
595 495 621 584 1)
664 497 944 566 HiuoPsalmists
965 513 1162 589 nonoptan·

159 597 204 662 tis
226 599 351 683 animo,
375 598 434 664 sed
455 596 685 684 prophetantis
705 599 888 666 ministerio
903 600 1091 686 denuntiat,
1113 601 1162 668 di·

160 717 256 764 cens:
286 696 589 765 Obscurentur
610 697 724 764 oculi
746 721 886 766 eorum
907 721 955 764 ne
972 700 1161 784 videant,

160 805 203 862 et
223 796 395 864 dorsum
415 795 591 862 illorum
614 819 777 884 semper
798 799 984 864 incurva.
1003 795 1029 878 ²)
1063 799 1163 866 Oculi

161 895 287 982 quippe
309 906 412 978 sunt,
447 897 506 982 qui
532 897 570 962 in
597 898 672 985 ipsa
692 896 827 964 honoris
857 899 975 964 summi
994 897 1081 964 facie
1102 921 1160 985 po·

160 996 233 1080 siti,
255 992 457 1085 providendi
477 995 609 1064 itineris
624 996 768 1062 officium
786 1005 1017 1084 susceperunt:
1039 996 1162 1085 quibus

159 1093 196 1160 hi
218 1097 373 1164 nimirum
403 1096 461 1182 qui
489 1094 732 1182 subsequenter
755 1096 951 1181 inhaerent,
981 1096 1080 1164 dorsa
1101 1117 1159 1162 no·

158 1195 339 1262 minantur.
384 1192 583 1262 Obscuratis
610 1217 690 1281 ergo
712 1198 817 1264 oculis
842 1197 977 1264 dorsum
998 1197 1160 1279 flectitur,

161 1297 242 1382 quia
273 1317 347 1360 cum
374 1292 485 1360 lumen
518 1295 678 1361 scientiae
707 1295 870 1382 perdunt,
902 1298 960 1382 qui
980 1307 1158 1383 praeeunt,

158 1391 308 1478 profecto
335 1391 380 1457 ad
409 1391 577 1478 portanda
599 1404 812 1480 peccatorum
840 1405 1024 1461 curvantur
1044 1418 1159 1479 onera,

160 1492 220 1578 qui
243 1503 441 1579 sequuntur.

525 1658 794 1750 onrurri

185 1786 227 1836 Ne
253 1785 364 1836 locum
389 1784 586 1850 regiminis
614 1785 782 1850 subeant,
810 1783 868 1852 qui
892 1783 1040 1835 vivendo
1067 1798 1131 1835 nou

262 1866 477 1939 perficiunt,
501 1882 583 1936 quac
608 1869 817 1922 meditando
841 1867 1053 1924 didicerunt.

219 2004 265 2069 Et
287 2013 366 2070 sunt
386 2001 557 2086 nonnulli,
583 2007 641 2094 qui
656 2005 771 2072 solerti
785 2028 867 2072 cura
880 2004 1047 2092 spiritalia
1060 2025 1158 2091 prae·

155 2111 253 2193 cepta
275 2113 546 2190 perscrutantur,
570 2103 631 2170 sed
653 2127 741 2193 quae
762 2104 982 2190 intelligendo
1001 2102 1028 2191 3)
1054 2123 1156 2190 pene·

154 2213 264 2287 trant,
286 2202 434 2271 vivendo
454 2203 667 2286 conculcant,
691 2216 831 2290 repente
849 2204 968 2270 docent
986 2225 1073 2290 quae
1090 2225 1156 2270 non

155 2327 274 2392 opere,
309 2304 367 2369 sed
387 2301 602 2370 meditatione
623 2302 831 2386 didicerunt,
865 2313 899 2369 et
924 2303 1013 2390 quod
1042 2304 1157 2370 verbis

155 2404 376 2489 praedicant,
399 2404 546 2472 moribus
568 2406 776 2492 impugnant.
820 2403 919 2469 Unde
940 2403 994 2486 fit,
1018 2413 1055 2468 ut
1082 2426 1156 2470 cum

155 2503 277 2572 Pastor
299 2526 360 2591 per
382 2505 526 2591 abrupta
549 2504 722 2589 graditur,
746 2501 789 2568 ad
813 2505 1047 2593 praecipitium
1069 2526 1155 2590 grex

157 2614 328 2692 sequatur.
379 2605 468 2670 Hinc
496 2626 642 2690 namque
674 2626 735 2691 per
763 2603 966 2692 Prophetam
991 2603 1160 2690 Dominus·

155 2713 272 2771 contra
295 2702 554 2772 contemtibilem
582 2703 759 2769 Pastorum
789 2705 962 2770 scientiam
988 2704 1154 2790 queritur,

156 2805 284 2873 dicens:
316 2803 415 2871 Cum
442 2804 527 2890 ipsi
557 2802 897 2889 limpidissimam
927 2824 1074 2891 aquam
1095 2799 1154 2866 bi·

153 2904 340 2990 beretis,
370 2903 589 2990 reliquam
615 2902 791 2989 pedibus
819 2903 981 2969 vestris
1012 2899 1153 2998 tnrba-

129 2995 291 3097 *batisjl
313 3013 354 3070 et
375 3025 473 3070 oves
494 3023 635 3086 meae,
660 3024 768 3090 quae
796 3000 1058 3068 conculcata
1088 3021 1152 3087 pe-

153 3101 281 3169 dibus
321 3103 486 3168 vestris
524 3101 717 3187 fuerant,
755 3099 1068 3189 pascebantur3
1113 3109 1154 3164 et

154 3222 260 3289 qnae
283 3202 409 3287 pedes
431 3201 571 3267 vestri
591 3201 891 3284 turbaverant,
921 3199 1021 3266 haec
1043 3198 1152 3264 bibe-

69 3357 73 3365 .
151 3300 264 3367 bant.
285 3299 314 3388 ιι)
357 3297 490 3390 Aquam
512 3299 636 3385 quippe
653 3297 919 3387 limpidissimam
933 3299 1152 3366 Pastoresbi·

153 3399 256 3484 bunt,
289 3421 363 3466 cum
384 3399 512 3465 fluenta
534 3397 689 3465 veritatis
710 3409 800 3466 recte
822 3399 1049 3485 intelligentes
1071 3399 1152 3467 hau·

196 3608 217 3672 ι)
242 3608 334 3662 Metto.
358 3609 408 3678 15,
434 3610 477 3668 14.
494 3639 527 3650 ·-
555 3607 576 3674 ¹)
594 3610 638 3664 Pi.
655 3608 704 3678 68,
730 3611 823 3668 21-
853 3609 956 3675 'telis
981 3609 1098 3676 legendo.
1119 3639 1148 3648 -

240 3690 261 3759 ι)
279 3695 373 3751 Erech.
391 3695 439 3767 31,
461 3695 503 3754 18.
522 3695 564 3754 19.
