2554 4172
576 125 579 132 ,
699 75 718 114 .

483 195 712 274 anns

140 385 145 393 ·
245 411 248 418 >
359 375 776 456 “csrnrxm:
935 355 997 456 *is

124 485 326 598 'Quomodo
352 525 589 586 admonendi,
618 521 860 592 quiltsnelta
889 472 1051 608 melinum,

410 611 523 678 etqui
548 616 779 662 contemnunt.

163 746 273 814 Aliter
292 743 495 811 admonendi
516 754 611 827 sunt,
636 745 694 830 qni
715 743 857 828 flagella,
871 753 1038 824 metuunt,
1062 752 1097 810 et

97 855 280 931 propterea
310 843 506 908 innocenter
539 842 679 923 vivunt3
718 850 820 926 atque
851 841 950 908 aliter
982 840 1095 909 admo·

97 941 204 1010 nendi
226 950 323 1022 sunt,
347 943 405 1027 qui
428 941 474 1006 sio
495 941 530 1005 in
552 941 729 1028 iniquitate
751 940 953 1024 duruerunt,
981 952 1017 1006 ut
1038 963 1095 1008 ne·

87 1063 166 1130 'que
198 1063 258 1128 per
287 1037 425 1124 flagella
456 1040 675 1126 corrigantur.
732 1039 920 1106 Dicendum
953 1063 1095 1128 namquo

99 1129 153 1206 cst
174 1137 313 1224 flagella
336 1137 550 1219 timentibus,
579 1147 617 1202 ut
645 1147 677 1202 et
705 1137 797 1203 bona
823 1137 1017 1224 temporalia
1039 1146 1118 1204 ne·'

100 1258 272 1324 qusquam
294 1257 354 1320 pro
377 1257 497 1320 niagno
519 1233 729 1314 desiderent,
753 1257 839 1322 quae
859 1236 976 1302 adesse
995 1239 1097 1302 etiam

100 1335 217 1423 pravis
240 1335 371 1415 vident,
396 1344 429 1397 ct
450 1334 536 1398 mala
558 1337 753 1420 praesentia
776 1355 989 1420 nequaquam
1003 1335 1096 1401 velut
1117 1373 1119 1377 ·

101 1432 330 1500 intolerabilia
358 1431 509 1518 fugiant,
542 1431 663 1519 quibus
693 1431 747 1495 hie
775 1431 974 1520 plerumque
996 1436 1095 1499 etiam

101 1532 205 1600 bonos
227 1533 316 1598 affici
348 1556 414 1599 non
435 1536 599 1619 ignorant.
642 1529 853 1597 Admonendi
875 1543 973 1613 sunt,
1006 1541 1045 1596 ut
1067 1535 1096 1596 si

100 1631 196 1698 malis
219 1633 385 1698 veraciter
409 1655 523 1698 carere
546 1631 752 1714 desiderant,
777 1643 915 1696 aeterna
930 1632 1096 1719 supplicia
1212 1698 1214 1703 ,

100 1730 375 1819 perhorrescant,
398 1753 507 1816 neque
531 1732 566 1794 in
583 1729 645 1795 lroc
658 1731 892 1818 suppliciorum
911 1731 1027 1795 timore
1044 1754 1097 1795 re·

98 1827 280 1910 inaneant,
311 1828 370 1894 sed
398 1827 440 1892 ad
467 1831 588 1894 amoris
615 1831 758 1912 gratiam
786 1830 988 1912 nutrimento
1011 1832 1096 1898 cari-

100 1929 183 2012 tatis
206 1938 412 1994 excrescant.
458 1929 624 2015 Scriptum
647 1930 770 2016 quippe
798 1941 863 1994 est:
893 1929 1096 1996 Perfecta

103 2025 267 2092 caritas
297 2027 415 2091 foras
437 2026 570 2092 mittit
601 2028 800 2092 timorem.
830 2024 855 2112 ¹)
898 2029 943 2094 Et
963 2049 1097 2096 rursum

103 2127 261 2213 scriptum
293 2137 361 2192 est:
400 2125 488 2192 Non
522 2127 753 2213 accepistis
783 2128 980 2214 spiritum
1015 2153 1096 2195 ser·

102 2226 255 2293 vitutis
278 2227 430 2292 iterum
453 2227 495 2292 in
516 2227 680 2307 timore,
711 2223 781 2290 sod
803 2227 1005 2314 spiritum
1034 2228 1097 2292 ad·

103 2326 290 2413 optionis
312 2326 516 2406 filiorum,
537 2326 580 2390 in
602 2348 679 2411 quo
704 2325 944 2405 clamamus,
967 2325 1098 2407 Abba,
1173 2381 1175 2385 .

103 2436 233 2512 pater.
259 2423 286 2512 2)
330 2425 429 2492 Unde
463 2425 548 2490 idem
581 2425 694 2491 doctor
728 2427 849 2492 iterum
878 2425 976 2494 dicit:
1015 2425 1099 2494 Ubi

104 2525 293 2611 spiritus
324 2524 512 2607 Domini,
537 2525 616 2590 ·ibi
648 2525 846 2591 libertas.
872 2525 898 2612 3)
949 2525 985 2592 Si
1017 2548 1097 2612 ergo

103 2622 214 2690 adhuc
239 2645 259 2687 a
288 2643 394 2710 prava
424 2625 553 2691 actione
579 2624 757 2690 formidata
788 2649 897 2715 poena
930 2625 1096 2714 prohibet,

103 2723 250 2811 profecto
271 2722 481 2790 formidantis
504 2725 650 2806 animum
673 2724 772 2790 nulla
801 2727 939 2812 spiritus
960 2723 1097 2791 libertas

105 2830 202 2887 tenet.
245 2821 331 2906 Nam
353 2823 381 2888 si
406 2845 547 2911 poenam
568 2847 636 2890 non
656 2835 835 2906 metueret,
866 2823 1000 2912 culpam
1022 2847 1096 2911 pro·

106 2919 159 2983 cul
183 2919 282 2986 dubio
303 2934 522 3010 perpetraret.
545 2922 574 3006 l)
618 2923 758 3008 Ignorat
780 2925 893 3010 itaque
911 2945 1004 2988 mens
1020 2945 1096 3006 gra·

110 3079 394 3092 ...um-..-ma

142 3155 160 3215 ¹)
180 3153 204 3221 1,
224 3133 451 3220 roan.4‚1's.--
488 3159 511 3227 τ)
529 3160 603 3210 nom.
622 3157 646 3225 a,
666 3157 708 3212 15.
732 3187 759 3198 -
795 3156 815 3218 ³)
835 3157 860 3212 2.
879 3157 936 3210 oo.
956 3158 984 3222 3,
1004 3159 1044 3214 17.
1065 3190 1096 3199 -

175 3238 199 3308 ⁴)
217 3239 310 3292 Omnis
328 3242 417 3308 timor,
442 3245 488 3311 qni
505 3245 634 3297 bominem
653 3258 670 3295 a
687 3249 792 3311 peccato
809 3249 926 3310 amovet,
953 3247 981 3298 in
1000 3259 1029 3297 se
1047 3244 1096 3299 bo-

173 3339 224 3378 nus
242 3331 290 3380 ost.
324 3325 421 3381 Plenas
439 3335 499 3381 sunt
516 3345 607 3383 sacrae
624 3329 727 3382 litteras
744 3329 997 3395 comminationibus,
1027 3346 1096 3398 qna-

174 3429 230 3473 rum
249 3413 340 3465 timoro
357 3419 505 3480 peccatores
521 3417 554 3468 ad
572 3415 753 3484 poenitentiam
771 3413 945 3472 adducantur.
964 3421 989 3468 ot
1001 3430 1096 3485 snspe-

174 3513 281 3552 numoro
306 3497 382 3552 timor
403 3501 594 3553 commendatur
617 3516 665 3554 ceu
688 3501 791 3554 initium
809 3507 835 3554 et
851 3499 1010 3554 confirmatio
1027 3503 1097 3556 vitae

173 3585 288 3638 melioris
305 3589 331 3638 et
348 3585 500 3653 sapientire.
537 3587 636 3656 ngtns
653 3587 756 3641 Peritos
774 3587 845 3640 Psal.
865 3586 931 3654 118,
959 3587 1018 3644 120.
1036 3605 1095 3642 eum

174 3669 318 3740 efflagitat:
347 3669 471 3740 „Contgs
488 3672 579 3727 tinore
591 3681 641 3730 ,tuo
658 3687 750 3734 carnos
769 3685 852 3740 mons,
871 3689 887 3726 a
901 3673 1010 3744 juditiis
1027 3677 1096 3729 onim
