2554 4172
569 205 797 281 ...128-
913 245 916 252 .

187 375 265 443 dum
287 397 322 440 se
345 376 498 460 erigunt,
520 376 555 440 in
579 384 753 462 apostatae
769 375 884 461 angeli
896 377 1113 456 imitationem
1129 399 1192 449 ou-¹

187 474 279 542 dunt
324 473 418 554 Quid
445 474 560 562 itaque
589 474 735 544 elatione
768 475 951 564 dejectius,
986 499 1074 563 quae
1104 477 1184 560 dum

186 595 291 662 supra
313 571 538 656 ostenditur,
572 572 616 636 ab
644 573 824 642 altitudine
853 595 957 650 verae
978 575 1183 645 celsitudinis

186 672 388 760 elongatur?
409 673 453 738 Et
476 674 556 759 qnid
577 673 763 742 humilitate
781 673 966 756 sublimius,
983 698 1080 761 ,quae
1103 673 1182 742 dum

186 795 223 840 se
244 773 279 838 in
297 774 363 838 ima
376 773 550 858 deprimit,
573 775 700 840 auctori
712 796 770 840 suo
781 775 930 840 manenti
941 795 1042 861 snper
1055 797 1189 840 summa.

184 873 385 959 conjungit?
425 871 488 938 Est
515 874 628 940 tantan
656 872 770 954 aliud,
800 873 889 960 quod
916 876 952 939 in
980 874 1030 938 eis
1058 874 1183 941 debeat

185 983 284 1037 caute
305 972 458 1056 pensari3
487 974 567 1058 quia
590 995 691 1060 saepe
714 973 850 1060 quidam
872 971 1071 1040 humilitatis
1092 972 1190 1040 deci.

185 1072 325 1158 piuntur
347 1070 456 1157 specie
467 1120 477 1152 ,
508 1071 643 1158 quidam
665 1093 745 1141 vero
767 1071 921 1141 elationis
944 1095 1025 1138 suae
1047 1073 1182 1156 ignora·

184 1171 276 1236 tione
298 1167 471 1234 falluntur.
518 1169 602 1236 Nam
623 1170 821 1258 plerumque
836 1171 1019 1254 nonnullis,
1043 1173 1102 1256 qui
1115 1171 1185 1238 sibi

182 1266 326 1334 humiles
347 1267 520 1353 videntur,
548 1271 577 1334 is
598 1271 656 1358 qui
676 1269 866 1338 hominibus
888 1269 1012 1336 deferri
1041 1294 1108 1338 non
1124 1272 1181 1337 ‹le-

182 1365 257 1450 bet,
289 1370 489 1452 conjunctus
512 1379 562 1434 est
592 1372 703 1451 timor3
737 1369 935 1456 plerumque
964 1392 1043 1436 vero
1073 1370 1182 1440 elatos

182 1468 334 1531 comitari
357 1468 440 1533 solet
460 1468 587 1534 liberae
609 1472 701 1534 vocis
722 1469 871 1534 assertio.
916 1469 961 1534 Et
982 1492 1058 1534 oum
1076 1492 1180 1556 quae-

182 1563 257 1629 dam
279 1560 485 1671 increpanda
508 1579 586 1634 sunt
606 1570 639 1632 vi
642 1569 707 1652 tia,
741 1568 792 1634 illi
814 1569 957 1636 reticent
985 1592 1028 1641 ex
1049 1571 1178 1652 timore,

182 1674 216 1728 et
236 1676 348 1732 tamen
370 1677 484 1733 tacere
506 1690 541 1732 se
565 1669 743 1734 aestimant
765 1691 808 1734 ex
830 1668 1033 1735 humilitas
1055 1671 1112 1734 isti
1128 1669 1177 1736 lo-

182 1773 332 1852 quuntur
353 1789 413 1853 per
434 1768 676 1854 impatientiam
694 1767 858 1852 elationis,
882 1779 916 1834 et
930 1777 1041 1836 tamen
1060 1793 1094 1834 se
1109 1793 1175 1836 cre-

181 1863 265 1928 dunt
297 1864 389 1951 loqui
425 1889 486 1954 per
521 1866 712 1933 libertatem
748 1867 972 1938 rectitudinis.
1026 1869 1107 1934 Illos
1142 1881 1181 1936 ut

177 1985 340 2054 perversa
359 1990 426 2033 non
448 1968 641 2054 increpent,
666 1966 727 2032 sub
753 1967 864 2054 specie
886 1967 1085 2034 humilitatis
1100 1991 1176 2055 pre·

177 2064 238 2128 mit
258 2064 356 2155 culpa
377 2065 580 2148 formidinis3
602 2067 685 2134 istos
707 2065 750 2132 ad
766 2069 983 2156 increpando,
1008 2090 1180 2154 quaenam

165 2161 319 2248 debent,
342 2177 402 2232 aut
423 2167 531 2252 magis
553 2165 778 2254 increpanda,
809 2189 908 2253 quam
929 2165 1072 2243 debent,
1110 2163 1176 2226 sub
1262 2167 1263 2170 ’

175 2261 322 2350 imagine
343 2266 510 2332 libertatis
532 2267 706 2332 effrenatio
727 2264 872 2348 impellit
893 2260 1037 2326 tumoris.
1075 2258 1177 2324 Unde

178 2373 215 2428 et
233 2363 312 2430 elati
339 2365 541 2431 admonendi
568 2376 661 2445 sunt,
688 2385 731 2428 ne
753 2361 832 2446 plue
866 2381 964 2446 quom
989 2355 1085 2423 decet
1107 2357 1176 2425 sint

176 2459 289 2544 liberi,
307 2474 358 2538 ,et
379 2463 522 2529 humiles
553 2459 769 2540 admonendi,
804 2482 846 2524 ne
868 2457 945 2545 plus
985 2479 1086 2543 quam
1115 2479 1173 2524 ex·
1262 2511 1263 2518 ,

175 2560 269 2648 pedit
300 2561 366 2626 sint
394 2561 552 2649 subjeetiz
584 2583 628 2626 ne
658 2569 717 2624 aut
747 2558 797 2624 illi
820 2559 1046 2625 defensionem
1071 2559 1187 2645 justi-3

174 2657 242 2723 tiae
271 2668 402 2726 vertant
431 2661 465 2723 in
492 2660 765 2725 exercitationem
788 2657 981 2744 superbiae3
1014 2667 1073 2722 aut
1102 2657 1171 2737 isti,

176 2778 250 2822 cum
268 2757 402 2828 student
423 2757 513 2846 plus,
537 2781 637 2848 quam
659 2769 874 2847 neccssepst,
894 2752 1171 2823 hominibussub·

169 2856 247 2946 jici,
271 2856 517 2942 compellantur
538 2879 651 2924 eornm
673 2858 773 2922 ctiam
796 2856 880 2923 vitia
902 2855 1067 2922 venerari.
1206 2924 1210 2933 ¹

240 2954 529 3023 Considerandum
550 2980 627 3022 vero
650 2968 716 3039 est,
740 2953 829 3043 quod
850 2952 1048 3040 plerumque
1068 2951 1174 3020 elatos

174 3054 294 3119 utilius
314 3058 528 3144 corripimus,
552 3057 581 3120 si
604 3077 716 3120 eorum
732 3050 996 3144 correptionibus
1009 3051 1175 3139 quaedam

175 3152 312 3219 laudum
334 3156 481 3221 fomenta
509 3158 716 3221 misceamus.
758 3151 941 3220 Inserenda
970 3171 1112 3238 namque
1136 3149 1175 3214 il·

175 3250 220 3318 lia
242 3263 321 3319 sunt
343 3265 402 3320 aut
423 3253 494 3320 alia
515 3253 622 3337 bona,
646 3275 732 3334 quae
755 3253 790 3316 in
811 3251 893 3337 ipsis
915 3258 1011 3331 sunt,
1042 3257 1100 3312 out
1121 3247 1173 3312 di·
1262 3291 1263 3294 ι

173 3351 315 3448 cendum
336 3361 445 3434 certe,
469 3374 557 3441 quae
577 3361 746 3440 poteraut
753 3373 846 3433 esse,
875 3351 991 3417 sinon
1013 3357 1105 3430 sunt3
1138 3360 1173 3416 et

173 3463 255 3521 tuuc
275 3439 406 3518 demum
427 3452 611 3518 resecanda
633 3448 839 3550 summula,
871 3467 958 3534 quae
966 3445 1081 3514 nobis
1103 3446 1172 3514 dir·

172 3547 316 3641 plicent,
335 3551 526 3640 comptius
547 3548 591 3618 ad
612 3537 815 3619 audiendum
836 3567 950 3615 eorum
970 3543 1175 3629 placabilem
