2520 4152
539 167 757 234 ...Im-

156 342 351 424 pssgusun
372 333 429 402 sd·
433 332 598 424 justitiam
604 377 614 411 ,
649 330 736 398 sicut
761 328 958 416 plerumque
988 329 1070 396 bsai
1093 329 1154 394 in-

155 437 255 507 noxie
282 442 456 501 tenuntur
483 429 524 498 sd
553 427 691 513 culpam.
734 429 792 496 sit
821 430 945 516 qnippe
965 429 1054 495 mina
1073 430 1150 494 exi·

154 530 311 618 motibus
332 534 457 602 meritis
477 527 701 614 dispositionis
725 529 878 596 internae
900 548 1075 611 mensure,
1107 538 1156 595 ut

155 641 188 702 ct
214 629 286 715 illl,
322 633 401 700 dum
430 631 469 695 de
497 627 581 694 bono
611 625 742 713 ¹aliquid
764 637 887 713 agunt,
922 628 1011 714 quod
1031 639 1152 697 tamen

154 751 222 803 usu
242 733 435 819 perficiunt,
457 725 600 812 superbe
620 727 708 794 inter
728 729 821 815 ipsa,
845 748 931 812 quae
953 727 1054 795 etism
1072 726 1150 814 ple-

153 831 290 898 nissime
309 833 518 920 perpetrant,
546 825 637 892 mala
658 827 839 895 confidunt:
863 835 896 892 et
916 827 973 892 isti
1002 826 1081 892 dun
1102 824 1159 892 de·

154 929 246 999 malo
274 935 457 1006 tentantur,
489 925 543 989 cui
572 945 790 1012 nequequam
808 927 1040 1009 consentiunt,
1077 947 1151 1014 quo

154 1051 216 1117 pes
238 1026 460 1096 infirmitatem
478 1021 644 1106 titubant,
679 1047 717 1090 co
740 1045 875 1109 gressus
897 1023 1006 1092 cordis
1027 1025 1071 1090 ud
1089 1025 1151 1112 ju·

156 1130 278 1198 stitisse
290 1146 349 1214 pes
363 1120 582 1190 humilitatem
598 1124 709 1190 verius
721 1125 839 1208 ligent,
863 1123 1004 1191 Balaam
1013 1125 1152 1214 quippe

151 1215 315 1316 jussorum
350 1219 567 1290 tabernacula
605 1222 788 1310 respiciens
824 1225 890 1288 ait:
934 1222 1152 1292 Moriatur

155 1327 291 1394 anima
311 1341 398 1386 mes
418 1330 549 1388 morte
565 1322 793 1408 justornm,
816 1330 855 1387 et
875 1320 988 1388 fisnt
1007 1323 1149 1394 novis·

155 1426 257 1490 sima
287 1441 373 1485 mea
403 1419 550 1486 horum
581 1419 756 1486 similias
778 1417 801 1506 ¹)
853 1419 921 1485 Sed
948 1443 1024 1486 cum
1055 1443 1146 1486 oom-

151 1519 339 1608 punctionis
370 1527 500 1605 tempus
528 1517 712 1600 abscessit,
747 1528 864 1585 sonus
892 1541 1006 1589 eorum
1029 1520 1147 1604 vitam,

152 1615 275 1708 quibus
295 1636 331 1681 se
355 1616 496 1684 similem
519 1617 594 1684 fieri
615 1619 714 1684 etiam
736 1616 906 1700 moriendo
932 1629 1142 1707 poposcerat,

153 1715 328 1787 consilium
350 1717 523 1802 praebuit3
551 1725 586 1784 et
612 1739 686 1784 oum
708 1718 913 1785 occasionem
933 1719 975 1784 de
996 1720 1139 1786 avaritia

148 1815 289 1902 reperit,
313 1813 402 1882 illico
424 1814 547 1886 oblitus
569 1827 634 1900 est,
658 1809 822 1904 Quidquid
842 1817 908 1884 sibi
923 1817 967 1882 ds
984 1813 1142 1885 innocen·

148 1917 197 1980 tia
214 1916 353 2000 optavit.
372 1912 398 2001 2)
440 1915 529 1986 Hinc
548 1925 628 1983 vero
648 1918 762 1984 doctor
776 1925 811 1982 et
828 1917 1040 2004 praedicator
1060 1939 1148 2002 gen·

147 2013 229 2082 tium
244 2011 370 2083 Paulus
397 2015 460 2084 sit:
489 2016 621 2084 Video
652 2015 780 2085 aliam
808 2016 944 2102 legem
965 2017 1005 2081 in
1027 2037 1148 2081 mem·

148 2114 239 2181 bris
259 2114 375 2196 meis,
398 2127 707 2202 repugnantem
729 2116 818 2200 legi
839 2117 993 2181 mentis
1014 2136 1149 2197 meae,

150 2220 189 2276 st
210 2214 428 2299 captivum
449 2237 508 2280 me
530 2213 755 2282 dueentem
778 2216 820 2280 in
841 2212 934 2296 legs
956 2215 1146 2298 peccati,

150 2329 257 2395 quae
291 2323 354 2376 est
385 2312 425 2378 in
456 2313 649 2378 membris
679 2314 792 2378 meis.
817 2311 842 2391 3)
893 2308 961 2387 Qui
993 2306 1148 2395 profecto

148 2407 272 2484 idcirco
294 2417 457 2494 tentetur,
481 2421 519 2478 ut
539 2414 575 2478 in
595 2411 681 2478 bono
702 2408 870 2476 robustius
892 2429 935 2472 cx
956 2409 1032 2494 ipss
1047 2406 1144 2473 infir-

148 2509 273 2575 mitatis
302 2532 383 2576 suae
410 2511 598 2594 cognitione
628 2507 797 2573 solidetur.
849 2503 941 2586 Quid
971 2515 1022 2572 est
1049 2526 1144 2591 ergo,

150 2608 242 2695 quod
264 2607 318 2676 ille
340 2609 593 2696 compungitur,
626 2616 790 2672 ettamen
813 2607 968 2694 justitiae
992 2627 1059 2672 non
1080 2627 1142 2692 cp·

148 2707 368 2796 propinquum
390 2711 453 2773 iste
472 2715 636 2786 tentatur,
665 2712 829 2772 ettamen
851 2727 926 2770 eum
948 2703 1051 2793 culpe
1070 2727 1141 2770 non

147 2807 320 2893 inquinst3
354 2806 418 2871 nisi
447 2803 525 2887 hoo,
559 2803 649 2889 quod
677 2815 793 2892 aperte
814 2805 1014 2888 ostenditur,
1051 2801 1140 2891 quod

147 2927 211 2974 nec
238 2905 346 2972 malos
374 2904 463 2969 bons
492 2904 689 2992 imperfecto
720 2904 904 2991 adjuvant,
942 2926 1004 2970 neo
1036 2903 1141 2970 bonos

147 3003 237 3074 mals
258 3005 523 3074 inconsummate
543 3001 786 3071 condemnent?

210 3103 256 3168 At
283 3111 400 3168 contra
428 3101 627 3170 admonendi
648 3107 753 3186 'sunt,
791 3105 849 3189 qui
877 3104 1024 3169 admissa
1045 3101 1141 3168 dese

147 3213 243 3285 ruat,
266 3222 327 3268 nec
350 3212 461 3268 tamen
482 3201 665 3290 planguut3
695 3225 738 3270 ne
752 3203 824 3289 jam
844 3203 1017 3271 relaxatas
1038 3202 1139 3266 aesti-

149 3311 241 3368 ment
268 3299 399 3386 culpas,
440 3323 526 3388 quss
556 3303 619 3370 otei
648 3299 778 3387 egendo
809 3324 875 3369 non
905 3301 1140 3389 multiplicant,

148 3399 251 3468 nullis
272 3407 384 3466 tamen
402 3397 538 3468 fletibus
553 3401 725 3469 mundent.
756 3399 873 3489 Neque
888 3401 975 3466 enim
988 3401 1142 3489 scriptor,

152 3545 440 3571 -α--ι-Μ

185 3631 208 3695 ·)
226 3632 300 3686 uun
319 3629 362 3701 ss,
381 3629 422 3686 so.
441 3655 470 3670 -
491 3626 516 3699 ²)
534 3628 599 3684 usu
616 3627 660 3696 ss,
678 3627 721 3684 14.
738 3657 770 3669 -
789 3626 810 3694 't
828 3629 897 3682 som.
916 3626 941 3696 s,
959 3624 1001 3683 ss.
