2520 4152
536 182 763 248 -2oe„

150 347 255 416 tenda
277 357 364 431 sunt,
387 371 429 414 ne
452 349 517 436 ipsi
538 345 730 428 laudemur,
754 345 918 415 ettamen
940 342 1154 412 ostendenda

153 459 239 528 sunt,
260 457 298 513 ut
312 447 443 512 laudem
459 447 610 514 coelestis
623 448 735 514 Patris
749 445 954 533 augeamus?
975 445 1152 510 Nemeum

151 571 213 613 nos
228 548 397 634 justitiam
425 555 571 641 nostram
595 567 706 612 coram
732 545 922 612 homiuibus
942 543 1055 609 facere
1078 545 1151 610 Do·

152 645 261 710 minus
283 643 497 732 prohiberet,
518 643 604 710 illico
627 647 795 733 adjunxit:
823 645 877 712 Ut
907 643 1152 710 videamini

152 742 200 807 ab
223 744 292 809 eis.
336 743 381 807 Et
401 765 474 808 cum
493 745 764 810 rursusvidenda
787 746 831 810 ab
845 743 1035 810 hominibus
1057 740 1152 810 bona

152 864 255 928 opera
266 854 381 908 nostra
395 844 615 928 praeciperet,
638 843 964 930 protinussubdidit:
986 843 1040 907 Ut
1060 840 1151 925 glo·

150 938 329 1005 rificent
346 939 511 1004 Patrem
526 952 726 1024 vestrum,
744 943 872 1030 quiin
889 941 1020 1007 coelis
1043 939 1150 1024 est¹)

152 1038 306 1119 Qualiter
326 1040 429 1124 igitur
449 1038 593 1105 videnda
616 1059 739 1125 essent,
763 1042 817 1107 vel
842 1039 986 1127 qualiter
1007 1061 1074 1104 non
1095 1041 1151 1104 vi-

149 1139 277 1220 denda,
306 1163 348 1205 ex
380 1140 621 1205 sententiarum
649 1139 714 1204 fine
736 1139 947 1206 monstravit:
979 1147 1152 1224 quatenus

148 1238 320 1323 operantis
340 1260 434 1303 mens
455 1259 539 1324 opus
561 1261 658 1303 suum
680 1249 713 1304 et
734 1249 871 1326 propter
892 1261 928 1303 se
950 1237 1058 1304 videri
1080 1259 1151 1304 non

150 1347 340 1420 quaereret,
363 1345 529 1401 ettamen
550 1337 612 1403 hoc
622 1347 758 1424 propter
773 1339 927 1404 coelestis
942 1337 1054 1401 Patris
1076 1337 1149 1422 glo·

150 1436 234 1499 riam
256 1457 323 1501 non
352 1435 485 1501 celaret.
529 1438 628 1502 Unde
656 1437 694 1502 fit
715 1436 933 1524 plerumque,
963 1447 1002 1502 ut
1023 1435 1150 1502 bonum

85 1537 89 1547 '
150 1553 234 1614 opus
255 1544 289 1599 et
309 1535 344 1601 in
366 1535 495 1602 occulto
518 1537 571 1619 sit,
596 1556 668 1602 oum
690 1536 727 1601 fit
748 1537 893 1620 publice,
916 1547 950 1602 ot
969 1557 1089 1602 rursus
1110 1537 1147 1601 in

150 1631 302 1717 publico,
330 1654 404 1700 cum
430 1637 542 1722 agitur
570 1636 705 1702 occulte.
748 1635 816 1716 Qui
845 1637 933 1700 enim
956 1639 991 1703 in
1012 1635 1142 1723 publico

152 1730 238 1799 bono
259 1755 358 1820 opere
385 1761 453 1803 non
475 1759 585 1818 suam,
617 1736 675 1803 sed
704 1740 843 1826 superni
865 1737 977 1804 Petris
1005 1736 1140 1821 gloriam

151 1835 295 1916 quaerit,
322 1835 410 1920 quod
431 1837 522 1918 fecit,
545 1836 731 1918 abscondit,
755 1838 835 1924 quia
857 1836 962 1904 solum
985 1835 1078 1900 illum
1095 1842 1142 1898 te·

151 1941 234 1998 stem
255 1932 387 2018 habuit,
410 1939 465 2002 cui
486 1937 621 2023 placere
639 1938 781 2002 curavit.
810 1937 940 2023 ¹thui
962 1939 996 2001 in
1017 1942 1147 2000 secreto

150 2052 210 2096 suo
240 2031 329 2099 bono
358 2058 459 2122 opere
482 2035 688 2123 deprehendi
716 2036 909 2102 aclaudari
931 2034 1150 2120 concupiscit,

150 2139 184 2194 et
204 2131 317 2198 nullus
349 2135 491 2202 fortasse
522 2136 623 2218 vidit,
656 2137 744 2222 quod
774 2135 946 2215 exhibuit,
978 2142 1149 2198 ettamen

149 2227 211 2294 hoo
232 2253 345 2298 coram
366 2236 554 2302 hominibus
574 2237 670 2302 fecit:
702 2235 783 2320 quia
808 2244 856 2300 tot
875 2242 978 2298 testes
1000 2232 1035 2293 in
1056 2229 1166 2296 bono-

147 2349 246 2412 opere
269 2355 382 2400 secum
403 2335 514 2417 duxit,
546 2343 628 2420 quot
655 2331 818 2395 humanas
846 2329 965 2393 laudes
987 2328 1021 2392 in
1042 2326 1149 2393 corde

148 2432 334 2516 requisivit.
378 2433 460 2501 Oum
483 2455 563 2500 vero
580 2451 685 2517 prava
701 2428 899 2507 aestimatio,
922 2428 957 2490 in
981 2435 1149 2513 quantum

149 2530 222 2594 sine
244 2545 380 2619 peccato
402 2533 509 2613 valet,
532 2528 576 2597 ab
597 2528 795 2593 intuentium
817 2533 928 2592 mente
950 2547 1019 2592 non
1039 2527 1147 2610 tergi-

150 2637 214 2712 tur,
235 2629 262 2719 2)
285 2633 413 2698 cunctis
428 2629 517 2693 mala
530 2622 742 2692 credentibus
754 2648 815 2712 per
830 2625 1018 2712 exemplum
1042 2624 1146 2712 culpa

150 2731 356 2819 propinatur.
403 2727 497 2793 Unde
527 2734 560 2788 et
589 2727 788 2812 plerumque
815 2724 991 2810 contingit,
1026 2729 1143 2813 utqui

151 2830 360 2913 negligenter
379 2828 420 2891 de
444 2848 479 2890 se
501 2823 588 2889 mala
609 2825 741 2909 opinari
763 2825 975 2909 permittunt,
1010 2847 1071 2912 per
1094 2847 1146 2890 se·

150 2929 308 3014 metipsos
331 2924 463 3012 quidem
484 2921 578 2991 nulla
589 2925 708 3012 iniqua
724 2924 862 3006 faciant,
886 2923 944 2989 sod
956 2934 1066 2990 tamen
1082 2947 1145 3013 per

151 3049 219 3109 eos,
243 3028 300 3111 qui
322 3045 358 3088 se
380 3024 501 3090 imitati
521 3023 663 3107 luerint,
696 3023 916 3111 multiplicius
939 3022 1151 3111 delinquant.

150 3127 239 3191 Hinc
260 3133 322 3204 est,
346 3121 434 3208 quod
456 3123 583 3190 Paulus
604 3122 775 3188 immunda
797 3122 963 3210 quaedam
983 3125 1056 3189 sine
1076 3124 1148 3206 pol·

149 3225 274 3290 latione
286 3223 545 3308 comedentibus,
566 3222 624 3288 sed
635 3221 836 3310 imperfectis
846 3223 1040 3288 tentationis
1049 3245 1149 3290 scan-

149 3322 262 3388 delum
294 3343 356 3388 sua
387 3322 451 3387 hac
479 3323 677 3390 comestione
710 3321 923 3387 moventibus
952 3319 1047 3388 dicit:
1080 3323 1146 3389 Vi·

148 3423 265 3507 dete,
299 3446 349 3491 ne
371 3422 478 3490 forte
499 3421 611 3496 haec,
630 3419 817 3487 licentio
846 3429 992 3486 vestra
1014 3417 1150 3488 offen·

183 3629 817 3709 ‘mmsm4pmmme-
918 3642 922 3680 :
