2556 4150
493 140 776 241 are-

169 327 229 396 tris
250 330 461 415 unigenitus,
483 340 520 397 ut
543 329 653 397 multis
674 300 867 418 prodesset,
895 330 936 398 de
959 334 1035 400 sinu
1057 334 1167 406 Putris

171 450 327 514 egressus
348 438 400 495 est
419 430 463 512 ad
484 429 654 516 publicum
674 431 846 498 nostrum?
869 461 892 507 ,·

527 609 721 680 curus
752 577 813 679 ur.

171 748 269 816 Quod
291 748 341 814 hi,
360 749 421 816 qui
448 747 594 815 pondus
621 750 822 818 regiminis
845 764 909 819 per
929 749 1165 804 humilitatam

197 830 356 900 lugiunt,
374 839 457 886 tunc
480 847 561 888 vere
584 843 666 888 sunt
689 836 854 902 humiles,
881 850 981 904 quum
1005 835 1142 890 divinis

407 918 573 990 judiciis
597 935 666 992 non
687 921 925 974 reluctantur.

230 1054 275 1119 Et
303 1063 381 1119 sunt
408 1053 583 1137 nonnulli,
618 1056 676 1142 qui
698 1077 741 1120 ex
769 1057 837 1123 sola
859 1055 1044 1123 humilitate
1073 1057 1164 1124 refu·

169 1156 281 1239 giunt,
305 1175 347 1217 ne
369 1154 434 1234 eis,
465 1154 587 1240 quibus
609 1178 644 1220 se
666 1156 813 1241 impares
834 1157 1033 1238 aestimant,
1067 1178 1164 1243 prae·

167 1253 327 1318 ferantur.
363 1250 512 1331 Quorum
533 1253 680 1338 profecto
702 1253 879 1337 humilitas,
904 1257 1067 1322 niceteria
1082 1279 1164 1343 quo·

169 1376 236 1440 que
259 1351 442 1417 virtutibus
465 1353 628 1438 cingitur,
657 1362 737 1418 tunc
759 1363 837 1418 ante
859 1354 926 1416 Dei
948 1355 1061 1420 oculos
1083 1377 1164 1422 vera

169 1463 236 1535 est,
266 1449 405 1516 eumad
427 1449 653 1532 respuendum
673 1448 754 1533 hoc,
785 1451 874 1538 quod
895 1452 1024 1517 utiliter
1050 1453 1165 1520 subire

168 1553 390 1639 praecipitur,
423 1552 581 1639 pertinax
611 1572 677 1615 non
707 1560 766 1616 est.
817 1551 934 1637 Neque
964 1554 1054 1617 enim
1083 1575 1164 1620 vere

167 1650 304 1716 humilis
327 1660 394 1732 est,
419 1653 477 1737 qui
500 1652 635 1738 superni
656 1661 758 1716 nutus
780 1651 964 1732 arbitrium,
987 1660 1026 1715 ut
1041 1651 1165 1717 debeat

167 1772 344 1838 praeesse,
375 1748 553 1835 intelligit,
587 1761 620 1815 et
648 1760 760 1815 tamon
789 1771 947 1835 praeesse
972 1753 1164 1816 contemnit.

169 1849 235 1916 Sed
257 1848 380 1916 divinis
402 1849 676 1935 dispositionibus
701 1848 880 1930 subditus,
904 1860 1006 1936 atque
1032 1869 1053 1912 a
1084 1849 1166 1914 vitio

166 1947 400 2015 obstinationis
423 1949 571 2030 alienus,
595 1972 668 2014 curn
685 1948 750 2014 sibi
768 1949 939 2032 regiminis
957 1946 1090 2013 culmen
1105 1947 1165 2010 im-

63 2129 64 2132 ,
166 2059 324 2136 paratur,
360 2050 389 2114 si
410 2051 483 2137 jam
514 2047 610 2114 donis
637 2058 843 2136 praeventus
874 2057 942 2130 est,
977 2049 1102 2135 quibus
1132 2057 1167 2112 et

166 2148 240 2214 aliis
269 2151 394 2236 prosit,
425 2158 458 2214 et
487 2173 529 2214 ex
559 2149 657 2214 corde
680 2147 779 2215 debet
809 2147 945 2232 fugere,
975 2157 1010 2212 et
1038 2147 1165 2237 invitus

164 2247 309 2314 obedire.
335 2247 360 2335 ¹)

221 2375 223 2380 ’
511 2411 704 2478 curun
737 2411 816 2479 um

166 2549 262 2616 Quod
289 2563 549 2616 nonnunquam
572 2547 888 2616 praedicationis
919 2545 1097 2599 officium
1124 2551 1161 2600 at

192 2634 358 2686 nonnulli
376 2633 625 2686 laudabiliter
650 2637 844 2702 appetunt,
868 2638 899 2687 at
916 2634 958 2686 ad
975 2634 1038 2686 hoc
1056 2647 1135 2684 non·

259 2719 357 2773 nulli
379 2718 623 2772 laudabiliter
646 2720 769 2774 eoacti
795 2721 1062 2788 pertrahuntur.

207 2851 209 2854 ’
229 2855 392 2936 Quamvis
413 2875 655 2941 nonnunquam
674 2853 935 2941 praedicationis
963 2853 1106 2918 officium
1127 2863 1162 2918 et

164 2955 318 3023 nonnulli
344 2954 565 3021 laudabiliter
586 2963 765 3041 appetunt,
795 2964 829 3020 et
857 2955 900 3018 ad
922 2951 985 3021 hoc
1005 2953 1163 3021 nonnulli

164 3055 383 3123 laudabiliter
404 3057 509 3122 coacti
529 3053 786 3144 pertrahuntur3
820 3051 909 3139 quod
933 3053 1059 3142 liquido
1082 3076 1160 3139 cog·

172 3217 454 3228 *an-...⁶-

205 3291 224 3354 Ἴ
251 3289 377 3355 „Tantum
395 3283 428 3338 ab
447 3283 545 3337 ambitu
562 3283 636 3336 debet
653 3297 711 3336 esse
730 3282 873 3351 sepositus,
900 3291 930 3335 ut
954 3290 1092 3353 quaeratur
1109 3301 1158 3338 co-

249 3373 364 3440 gendus,
383 3374 489 3438 rogatus
506 3370 623 3437 recedat,
641 3367 768 3422 invitatus
786 3369 906 3437 effugiat:
925 3371 982 3424 sola
999 3371 1040 3424 illl
1060 3368 1158 3424 suffra·

246 3463 322 3525 gutur
338 3457 483 3511 necessitas
501 3455 654 3509 excusandi.
688 3453 806 3508 Profecto
824 3456 891 3508 enim
908 3457 1033 3532 indignus
1051 3460 1091 3510 est
1108 3471 1158 3512 sa-

249 3546 375 3612 cerdotio,
402 3544 456 3599 nisi
472 3541 550 3595 fuerit
572 3543 706 3595 ordinatus
723 3541 849 3594 invitus.“
864 3539 888 3610 ²)
923 3540 969 3610 „Si
986 3546 1161 3612 quemquam“

249 3631 312 3688 θοὰ.
331 3633 363 3687 de
380 3634 467 3704 Epist.
484 3635 509 3687 et
526 3629 595 3684 Olor.
613 3657 645 3670 -
665 3627 686 3694 ²)
705 3628 784 3684 Addit
800 3627 906 3698 glossa:
925 3627 988 3696 „sed
1004 3629 1121 3686 rolens.“
