2554 4172
515 95 752 184 '..ss-

148 289 224 349 est.
242 281 268 368 ¹)
312 279 397 351 Cum
418 305 498 351 vero
527 283 607 351 solis
636 284 798 374 exemplis
826 289 985 374 quosdam
1006 289 1146 356 trabea·
1267 296 1268 329 ³

147 381 207 449 dos
230 393 399 468 cerneret,
433 385 469 450 in
491 381 607 449 eadem
630 383 774 471 epistola
795 386 969 474 adjunxit:
997 385 1147 456 Sancti
1268 421 1269 457 r

149 481 342 548 ludibria
376 493 415 550 et
449 479 630 548 verbera
662 487 850 570 experti,
884 487 1067 574 insuper
1103 497 1146 553 et
1268 482 1269 490 ¹

148 581 324 648 vincula
354 593 392 648 et
420 600 635 662 carceres,
664 580 854 668 lapidati
883 597 1000 669 sunt,
1036 590 1146 654 secti

149 689 268 763 sunt,
304 681 481 748 tentati
511 687 634 762 sunt,
664 681 709 745 in
742 684 969 750 occisione
998 685 1147 770 gladii

149 783 302 847 mortui
324 777 470 864 sunt.²)
513 779 558 844 Et
580 800 728 845 rursum:
750 781 1005 850 Mementote
1025 807 1145 871 prae-

148 881 387 967 positorum
421 889 685 962 vestrorum,
722 883 803 967 qni
836 881 1148 950 vobis-locuti

148 987 243 1046 sunt
270 979 440 1045 verbum
469 976 564 1061 Dei,
594 999 766 1065 quorum
795 981 1035 1050 intuentes
1057 985 1144 1048 exi-

147 1085 238 1143 tum
267 1078 657 1158 conversationis,
692 1078 918 1145 imitamini
938 1079 1144 1165 *fidem;³)
1268 1083 1270 1100 ³

148 1185 315 1266 qnatenus
330 1184 363 1241 et
385 1175 461 1241 illos
477 1176 597 1240 victrix
621 1176 709 1240 ratio
731 1177 917 1262 frangeret,
940 1191 973 1245 et
996 1180 1077 1246 istos
1098 1179 1145 1245 ad

147 1279 276 1362 majora
298 1272 524 1340 conscendere
545 1274 686 1340 imitatio
707 1273 834 1342 blanda
857 1278 1020 1344 suaderet.

462 1453 696 1521 CAPUT
738 1457 816 1523 vll.

179 1593 358 1662 Quomodo
376 1591 581 1644 admouendi
607 1591 828 1660 impudentes
852 1597 884 1646 ct
910 1598 1105 1648 verecundi.

206 1729 315 1796 Aliter
337 1725 537 1794 admonendi
560 1738 638 1794 sunt
659 1725 887 1814 impudentes,
921 1739 1022 1814 atque
1044 1729 1148 1800 aliter

145 1827 337 1893 verecundi.
380 1823 463 1891 Illos
483 1847 628 1912 namque
657 1826 701 1890 ab
724 1823 952 1912 impudentiae
974 1829 1055 1896 vitio
1079 1817 1148 1900 non

143 1926 209 1995 nisi
231 1926 418 2014 increpatio
440 1922 526 1990 dura
550 1925 746 2013 compescit3
767 1925 848 1992 istos
867 1935 979 1992 autem
1001 1927 1145 2014 plerum·

146 2049 212 2114 que
241 2023 285 2092 ad
316 2024 434 2112 melius
470 2025 658 2092 exhortatio
687 2022 838 2090 modesta
867 2028 1043 2112 componit
1087 2013 1145 2096 Illi

144 2148 180 2192 se
202 2123 397 2212 delinquere
418 2126 583 2208 nesciunt,
607 2125 674 2192 nisi
695 2123 795 2190 etiam
817 2145 839 2188 a
860 2122 1014 2211 pluribus
1035 2119 1143 2204 incre-J

143 2236 286 2314 pentur3
313 2227 387 2293 istis
416 2223 616 2314 plerumque
650 2223 695 2288 ad
725 2224 976 2290 conversionem
1005 2213 1137 2307 sufficit,

144 2325 235 2412 quod
257 2326 304 2390 eis
326 2325 441 2390 doctor
471 2322 560 2388 mala
582 2346 644 2389 sua
675 2322 790 2389 saltem
818 2321 937 2389 leniter
960 2319 1001 2388 ad
1021 2345 1139 2389 memo·

95 2481 99 2494 .
144 2425 230 2490 riam
251 2422 393 2489 reducit
436 2421 518 2488 Illos
546 2419 666 2486 melius
690 2421 843 2506 corrigit,
873 2423 931 2510 qui
953 2419 1139 2492 invehendo

145 2521 378 2609 reprehendit3
409 2523 482 2587 istis
504 2530 615 2588 autem
637 2520 745 2606 major
766 2520 935 2609 profectus
957 2522 1144 2608 adducitur,

146 2623 175 2692 ti
196 2621 277 2704 boc,
308 2620 397 2710 quod
419 2622 453 2687 in
476 2621 524 2686 eis
547 2617 825 2705 reprehenditur,
857 2624 955 2707 quasi
975 2644 1019 2686 ex
1039 2621 1144 2690 latere

143 2728 312 2808 tangatur.
364 2716 597 2804 Impudentem
626 2719 751 2806 quippe
779 2719 982 2786 Judaeorum
1012 2719 1143 2809 plebem

142 2818 308 2887 Dominus
331 2828 445 2906 aperte
468 2819 666 2903 increpans,
689 2818 753 2884 ait:
781 2820 914 2885 Frons
943 2820 1141 2888 mulieris

140 2918 385 2984 meretricis
406 2917 523 2984 facta
545 2927 609 2982 est
636 2916 738 3000 tibi,
766 2916 1139 3000 noluistiernbes-

141 3011 283 3102 cerel)
329 3015 374 3082 Et
394 3038 528 3082 rursum
549 3015 830 3082 verecundantem
851 3017 992 3101 refovet,
1014 3018 1144 3086 dicens:

140 3113 428 3184 Confusionis
459 3115 802 3184 adolescentiae
831 3127 931 3183 tuae
962 3115 1140 3186 oblivis·

140 3217 267 3301 ceris,
289 3225 328 3281 et
349 3214 574 3303 opprobrii
601 3215 836 3282 viduitatis
858 3225 956 3282 tuae
979 3240 1058 3284 non
1079 3241 1141 3283 re·
1174 3217 1176 3221 ’

141 3313 416 3398 cordaberis,
448 3315 548 3404 qnia
570 3313 860 3384 dominabitur
882 3318 962 3401 tui,
991 3319 1064 3405 qui
1084 3315 1139 3384 fe-

82 3453 86 3460 .
144 3421 419 3461 4--·-·-—-·-

177 3489 200 3558 ¹)
218 3491 295 3645 gapt.
314 3491 399 3634 831}
419 3522 451 3533 -
476 3491 500 3562 ²)
517 3493 595 3548 Hebr.
615 3494 655 3564 11,
673 3493 716 3552 36.
733 3494 776 3550 37.
802 3523 832 3536 ·-
863 3495 887 3563 3)
903 3498 983 3554 lioba
1003 3497 1044 3564 rt,
1064 3501 1088 3549 t.
1107 3529 1140 3542 -

264 3589 314 3632 rr.
351 3612 358 3647 ,
432 3589 434 3624 ε
890 3633 892 3638 .
