2554 4172
562 176 768 240 -94-

164 341 468 430 adimplebitis
499 342 633 426 legem
670 340 889 428 christi.¹)
933 342 1008 408 Lex
1035 343 1188 430 quippe

165 442 291 509 Christi
312 451 363 508 est
383 443 506 509 caritas
527 444 678 523 unitatis,
702 441 876 528 quamsoli
890 443 1079 529 perficiunt,
1104 444 1184 529 qni·

162 563 243 622 nec,
267 563 342 606 oum
363 551 569 627 gravantur,
592 541 767 608 excedunt.
809 541 963 610 Audiant
985 543 1172 630 impetien-

161 648 222 722 tes,
245 639 334 726 qnod
355 641 515 728 scriptum
537 649 603 707 est:
625 640 775 708 Melior
792 651 855 708 est
874 643 1050 729 patiens
1070 642 1187 710 viro·
1262 649 1263 664 ¹

161 739 293 823 forti,
323 750 368 806 et
387 742 457 828 qui
479 740 721 808 dominatur
749 743 891 808 animo
914 764 1010 824 suo,
1039 765 1172 830 expu-

162 851 345 925 gnatore
367 842 550 907 urbium.
569 839 597 927 ²)
640 840 751 908 Minor
767 843 855 908 enim
877 853 929 908 est
949 843 1092 909 victoria
1107 864 1172 906 ur·

160 937 265 1021 bium,
289 942 370 1027 quia
393 950 490 1006 extra
513 953 601 1023 sunt,
626 964 714 1028 quae
737 941 956 1026 subiguntur3
986 941 1085 1007 valde
1106 963 1183 1008 au·-

161 1048 228 1104 tem
249 1042 358 1127 majus
380 1049 448 1122 est,
482 1038 572 1127 quod
593 1063 654 1126 per
675 1042 871 1127 patientiam
892 1043 1053 1123 vincitur3
1080 1043 1173 1127 quia

160 1141 234 1224 ipse
255 1160 277 1202 a
300 1159 335 1204 se
357 1139 489 1204 animus
512 1149 690 1225 superatur
713 1152 747 1205 et
775 1142 989 1226 semetipsum
1012 1140 1169 1228 sibimet·

161 1239 228 1326 ipsi
250 1236 396 1324 subjicit,
420 1237 555 1325 quando
578 1239 834 1324 compatientia
856 1241 947 1306 intra
969 1263 1004 1305 aa
1026 1240 1174 1306 frenare

163 1337 339 1422 compellit
355 1333 381 1422 3)
425 1337 576 1403 Audiant
589 1329 814 1424 impatientes,
838 1339 929 1423 quod
951 1339 1067 1405 electis
1090 1340 1177 1405 suis.

162 1437 298 1502 Veritas
321 1436 415 1503 dicit:
445 1438 494 1502 In
516 1438 729 1524 patientia
757 1448 901 1504 vestra
923 1436 1171 1525 possidebi-

160 1536 219 1602 tis
240 1538 401 1602 animas
422 1545 603 1602 vestras.
617 1535 647 1620 i)
692 1534 747 1601 Sic
768 1537 857 1601 enim
878 1536 1004 1603 conditi
1024 1537 1163 1604 mirabi-

161 1632 237 1700 liter
266 1658 398 1718 sumus,
428 1647 465 1703 ut
492 1636 577 1702 ratio
610 1636 755 1701 animam
784 1645 818 1701 et
846 1640 958 1703 anima
989 1639 1175 1724 possideat-

161 1757 291 1822 corpus.
333 1735 397 1802 Jus
419 1759 499 1803 vero
523 1736 687 1804 animaea
709 1737 855 1823 corporis
872 1737 1085 1823 possessione
1107 1759 1164 1805 rs-

159 1835 315 1921 pellitur,
353 1837 382 1901 si
408 1860 476 1902 non
502 1838 598 1924 prius
628 1836 740 1903 anima
762 1857 783 1900 a
808 1835 938 1901 ratione
959 1837 1166 1923 possidetur.

159 1932 338 2000 Custodem
358 1937 462 2020 igitur
482 1937 681 2004 conditionis
697 1945 830 2003 nostrae
841 1936 1039 2024 patientiam
1051 1936 1172 2002 Domi·-

156 2055 221 2100 nus
236 2057 310 2101 esse
325 2038 534 2120 monstravit,
547 2037 606 2123 qui
619 2037 655 2102 in
668 2037 743 2122 ipsa
755 2059 817 2102 nos
830 2035 1001 2122 possidere
1017 2044 1159 2103 nosmet-

160 2133 251 2219 ipsos
282 2133 404 2202 docuit.
455 2136 593 2217 Quanta
620 2157 701 2221 ergo
731 2137 774 2200 sit
801 2136 1029 2222 impatientiae
1058 2133 1163 2220 culpa

161 2237 403 2320 cognoscimus,
427 2258 488 2324 per
504 2257 604 2322 qnam
627 2234 732 2301 etheo
753 2236 862 2322 ipsum
880 2236 1056 2301 amittimus
1077 2253 1153 2317 pos·

159 2331 279 2416 sidere,
303 2335 393 2422 quod
415 2357 540 2400 sumus.
575 2334 726 2400 Audin-nt
741 2335 963 2422 impatientes,
986 2330 1073 2418 quod
1092 2351 1160 2418 per

159 2430 369 2500 Salomonem
414 2455 548 2501 rursum
580 2433 716 2501 dicitur:
772 2434 918 2500 Totum
961 2430 1158 2519 spiritum

160 2554 273 2598 sunm
300 2533 470 2620 profert
500 2532 678 2614 stultus,
715 2536 889 2620 sapiens
917 2541 1057 2598 antem
1078 2526 1165 2594 dif-

158 2629 262 2713 fert,
288 2641 328 2696 et
348 2642 548 2698 reservat
569 2634 608 2697 in
630 2640 850 2719 postorum.
873 2630 899 2717 ⁵)
941 2630 1163 2718 Impatientia

183 2867 204 2937 ¹)
224 2868 310 2922 Galat.
328 2869 353 2936 6,
371 2871 397 2922 2.
416 2898 447 2908 -
467 2868 488 2938 ²)
506 2869 582 2922 Prov.
601 2867 644 2921 16.
653 2866 695 2924 32.
709 2897 743 2909 —
762 2865 783 2936 Ι)
795 2867 915 2934 Virtutes,
932 2871 996 2920 teste
1014 2865 1042 2918 S.
1060 2867 1156 2919 Thema

226 2957 270 3011 22.
288 2971 312 3024 q.
332 2955 390 3010 136.
408 2971 434 3009 a.
452 2957 477 3008 2.
501 2961 547 3008 aut
565 2956 660 3009 directe
683 2958 807 3012 statuunt¹
824 2953 953 3006 hominem
980 2954 1007 3007 in
1026 2951 1102 3020 bono,
1121 2952 1159 3006 uti

225 3042 403 3110 theologicae,
425 3042 562 3110 prudentia
581 3041 751 3111 justitiaque,
776 3042 822 3092 aut
847 3037 991 3106 impediunt
1007 3052 1054 3106 ea,
1086 3052 1159 3108 quae.

123 3151 126 3158 ¹
226 3128 363 3180 retrahunt
379 3143 396 3180 a
414 3126 488 3195 bono,
506 3129 545 3180 uti
563 3127 698 3194 tortitudo,
717 3141 784 3196 quaa
802 3128 842 3178 est
859 3124 930 3177 circa
947 3123 1067 3193 pericula
1083 3138 1152 3176 mor-

226 3213 260 3266 tis
278 3213 433 3280 superanda,
451 3214 622 3282 temperantia
640 3227 707 3282 quaa
724 3215 765 3266 est
782 3212 852 3264 circa
870 3209 1055 3263 delectationes
1071 3213 1157 3262 tadus
1258 3239 1259 3256 t

225 3299 407 3367 moderandas,
435 3300 562 3368 patientia
586 3313 652 3368 quae
669 3303 709 3352 ost
731 3299 803 3351 ciros
819 3298 929 3365 quaevis
946 3296 1059 3349 adversa
1074 3308 1153 3362 aequo

224 3385 311 3438 animo
328 3383 470 3438 toleranda
506 3383 533 3438 S.
552 3383 661 3453 Gregor.
684 3385 728 3437 hic
745 3382 895 3452 patientiam
920 3380 1053 3448 nominat,
1077 3393 1153 3448 quam

224 3470 345 3523 muntem
369 3471 459 3524 cicero
481 3469 709 3526 lintiscino.
732 3484 791 3539 cap.
808 3469 851 3522 27.
875 3465 1151 3536 temperantiam

131 3549 133 3556 ’
223 3560 365 3625 nuncupat,
381 3560 461 3626 atqua
478 3555 674 3616 fundamentum
694 3559 736 3610 ast
752 3554 803 3609 siti
820 3553 981 3608 moderandi⁶
999 3577 1034 3593 -
1050 3547 1072 3615 ⁴)
1090 3548 1154 3608 Luc·

223 3640 639 3713 21,19.-‘)1²rov.2c,11.
1064 3676 1068 3684 ·
