2556 4150
536 153 741 246 ψῃ...

541 211 582 228 -
707 213 747 230 Q

142 315 275 424 citerus,
289 313 398 408 ono
409 313 566 426 [meas
582 319 702 411 unr.
720 344 874 412 nonan
891 278 1036 435 pai-cs,
1047 347 1142 435 'cua

141 439 402 610 ἰξξέθῦιέἱὶἔεῇα
439 437 725 572 supernumeralis
759 443 871 556 suecia
901 445 1023 535 &suns
1049 437 1142 517 'torta

482 661 808 764 osrurru

190 811 232 866 Ut
255 811 308 868 sit
326 817 443 868 rector
463 811 651 868 discretus
678 813 895 882 iusilcutio,
914 817 1028 872 utitis
1054 819 1089 872 iu

191 925 195 929 ,
582 899 702 954 verbo.

207 1013 261 1081 su
288 1023 396 1081 rector
425 1011 590 1081 discretus
612 1017 647 1080 in
669 1015 817 1098 silentio,
850 1018 940 1084 utilis
962 1021 998 1086 in
1026 1019 1140 1102 verbo,

143 1134 187 1182 ue
201 1125 268 1182 ‘aut
288 1111 430 1180 tacenda
452 1113 621 1200 proferat,
646 1127 705 1182 aut
724 1116 927 1203 proferenda
956 1119 1141 1185 reticescat

144 1214 232 1279 Nam
253 1215 339 1280 siout
358 1213 494 1278 incauta
516 1213 640 1280 locutio
662 1217 698 1280 in
719 1237 867 1284 errorem
887 1216 1070 1306 pertrahit,
1093 1218 1141 1282 ita

143 1313 360 1380 indiseretum
388 1310 557 1378 silentium
580 1311 659 1395 hos,
682 1315 741 1400 qui
762 1317 889 1382 erudiri
909 1325 1083 1404 poterant,
1105 1319 1141 1382 in

144 1433 256 1478 errore
279 1408 491 1498 derelinquit
537 1409 646 1500 Saepe
673 1435 817 1499 namque
851 1424 996 1480 rectores
1018 1417 1139 1502 impro-

142 1509 215 1576 ridi
241 1509 422 1574 humanam
453 1509 608 1578 amittere
636 1510 778 1593 gratiam
799 1511 1018 1580 formidantes
1044 1513 1141 1600 loqui

142 1601 248 1674 libere
270 1618 364 1673 recta
384 1611 640 1696 pertimescunt3
662 1618 696 1672 et
719 1610 822 1694 juxta
842 1611 1004 1677 Veritatis
1026 1633 1141 1676 vocem

142 1727 359 1796 naquaquam
383 1711 454 1795 jam
483 1708 597 1793 gregis
626 1708 796 1774 custodiae
819 1709 997 1775 Pastorum
1019 1707 1139 1793 studio,

143 1809 204 1878 sed
230 1809 511 1874 mercenariorum
538 1807 611 1872 vice
638 1806 850 1890 deserviunt3
879 1809 960 1896 quia
988 1807 1142 1871 veniente

143 1907 225 1991 lupo
246 1906 394 1992 fugiunt,
417 1903 494 1972 dum
503 1927 538 1971 se
551 1904 613 1970 snb
625 1905 759 1972 silentio
770 1906 990 1974 abscondunt
1008 1906 1033 1993 ²)
1054 1905 1143 1970 Hinc

142 2025 288 2094 namque
311 2027 368 2072 eos
394 2027 456 2092 per
481 2004 685 2094 Prophetanr
707 2005 870 2074 Dominus
897 2008 1065 2092 increpat,
1094 2000 1142 2066 dis

140 2125 242 2172 cens:
270 2104 406 2172 Canes
435 2105 540 2171 muti
566 2127 652 2172 non
675 2106 889 2174 valentes
915 2097 1141 2188 latrare-²)

144 2204 234 2272 Hinc
254 2227 388 2272 rursum
410 2207 574 2292 queritur,
598 2205 728 2272 dicens:
749 2205 840 2270 Non
863 2202 1142 2271 ascendistis

146 2325 196 2370 ex
217 2303 440 2388 adverso,
474 2327 552 2371 nee
585 2305 860 2393 opposuistis
888 2322 1048 2368 murum
1070 2321 1141 2388 pro

145 2403 259 2469 domo
280 2402 453 2484 Israel,
481 2412 525 2468 ut
548 2404 728 2470 staretis
748 2405 794 2468 in
815 2402 987 2490 praelio
1009 2404 1050 2466 in
1073 2402 1141 2465 die

145 2501 323 2571 Domini.
338 2501 365 2586 3)
408 2501 463 2567 Ex
484 2502 626 2568 adverso
656 2504 781 2589 quippe
804 2500 986 2569 ascendere
1008 2512 1060 2568 est
1080 2523 1141 2589 pro

145 2599 342 2668 defensioue
365 2603 479 2687 gregis
501 2624 582 2687 voce
603 2600 709 2667 libera
738 2601 839 2688 hujus
859 2603 974 2668 mundi
994 2611 1140 2688 potesta·

145 2699 239 2768 tibus
267 2701 445 2768 contraire.
480 2699 534 2786 Et
555 2702 591 2765 in
613 2699 667 2766 die
684 2699 822 2768 Domini
842 2703 878 2768 in
901 2702 1029 2788 praelio
1052 2710 1141 2768 stare

142 2811 200 2868 est
219 2801 336 2888 pravis
358 2797 612 2866 decertantibus
623 2823 666 2865 ex
680 2801 834 2888 justitiae
850 2821 961 2866 amore
972 2803 1140 2867 resistere.

108 2970 111 2975 ,
148 2901 283 2968 Pastori
303 2903 390 2966 onim
412 2909 504 2965 reeta
533 2899 682 2966 timuisse
705 2899 833 2982 dicere,
864 2900 944 2988 quid
973 2911 1024 2966 cst
1048 2897 1142 2966 aliud

148 3019 249 3087 quam
275 2999 415 3066 tacende
442 3007 540 3085 terga
570 2999 794 3086 praebuisse?
837 2999 905 3080 Qui
935 3001 1092 3067 nimirum
1112 2999 1141 3066 si

146 3119 210 3188 pro
232 3119 333 3186 grege
356 3096 545 3186 seiobjicit,
567 3119 697 3168 murum
718 3121 780 3187 pro
804 3099 898 3166 domo
911 3097 1019 3165 lsrael
1039 3099 1141 3168 hosti·

148 3198 214 3267 bns
236 3201 382 3289 opponit.
426 3199 514 3266 Hine
539 3221 671 3267 rursum
702 3199 912 3286 delinquenti
941 3199 1073 3288 populo·
1092 3199 1141 3264 di·

139 3301 261 3368 ·eiturt
289 3299 545 3388 Prophetae
573 3301 642 3367 tui
673 3298 884 3368 viderunt
912 3299 993 3366 tibi
1018 3297 1141 3365 falsa

149 3408 191 3467 et
212 3399 358 3484 stulta,
379 3423 453 3468 nee
476 3398 1140 3488 aperiebantiniquitatemtuam,

186 3652 205 3715 ι)
222 3624 298 3708 sein.
317 3652 358 3720 10,
377 3651 419 3716 12·
451 3610 456 3650 ²
490 3647 510 3712 ²)
528 3649 592 3707 rur.
611 3647 653 3717 ss,
672 3647 713 3702 ιο.
733 3676 762 3686 -
785 3645 808 3715 ³)
826 3647 919 3700 uzon.
938 3643 978 3710 13,
995 3606 1043 3698 s*
1090 3601 1092 3608 ’
