2520 4152
523 181 751 250 ..193-

144 369 245 434 saepe
267 347 478 433 infirmitate,
506 372 607 438 saepe
635 348 844 435 negligentia
865 351 902 416 in
920 351 1038 420 studiis
1059 374 1147 420 vero

143 446 310 512 malitiosa
340 467 470 531 semper
498 450 681 516 intentione
708 458 878 537 peccatur.
923 449 997 528 Quo
1026 459 1146 516 eontra

143 555 231 612 reete
254 545 347 611 beati
368 547 434 612 viri
456 548 673 634 expressione
695 570 757 633 per
784 547 981 634 prophetam
1002 547 1145 614 dieitur:

144 645 194 715 Et
224 645 267 709 in
289 645 502 712 cathedra
527 647 832 734 pestilentiae
854 671 936 740 uon
965 648 1089 714 sedit.
1114 649 1145 729 ¹)
1200 713 1201 718 ,

145 743 316 810 Cathedre
339 748 464 832 quippe
481 748 607 835 judicis
629 770 702 814 esse
724 747 779 814 vel
801 746 1025 835 praesidentis
1048 745 1146 814 solet.

144 842 185 909 In
209 843 369 910 cathedra
390 856 503 912 autem
523 846 735 935 pestilentiae
758 846 876 912 sedere
894 858 946 914 est
958 869 1001 912 ex
1012 845 1145 934 judicio

142 964 252 1028 prava
280 947 499 1028 committere5
532 949 567 1012 in
597 947 757 1013 cathedra
779 945 991 1033 pestilentiae
1024 945 1145 1012 sedero

144 1049 196 1106 est
217 1051 250 1107 et
271 1065 315 1108 ex
335 1047 465 1111 ratione
486 1045 573 1112 mala
594 1045 802 1127 disseruere,
828 1055 861 1110 et
882 1055 996 1110 tamen
1016 1067 1060 1110 ex
1082 1045 1145 1109 de-

144 1139 343 1210 liberatione
372 1157 578 1230 perpetrare.
629 1145 737 1226 Quasi
771 1147 806 1210 in
832 1147 982 1232 perversi
1011 1143 1146 1210 consilii

143 1241 304 1306 cathedra
327 1243 437 1325 sedet,
461 1247 520 1332 qui
540 1255 635 1310 tanta
657 1244 846 1329 iniquitatis
872 1243 1017 1310 elatione
1041 1242 1145 1322 attol-

141 1339 241 1422 litur,
264 1352 302 1406 ut
323 1341 507 1429 adimplere
530 1341 651 1407 malum
674 1345 769 1407 etiam
793 1363 854 1430 per
877 1341 1018 1410 consilia
1041 1361 1142 1408 eone-

140 1448 203 1504 tur.
248 1439 293 1504 Et
313 1442 400 1505 sieut
420 1440 655 1506 assistentibus
677 1440 785 1508 turbis
806 1441 951 1526 praelati
966 1453 1055 1524 sunt,
1079 1441 1141 1528 qui

141 1538 320 1605 cathedrae
341 1539 465 1607 honore
487 1541 691 1624 fulciuntur,
714 1543 769 1608 ita
784 1539 907 1606 delicta
929 1563 1056 1622 eorum,
1080 1541 1142 1626 qui

140 1640 416 1726 praecipitatione
437 1651 610 1723 corruunt,
635 1643 805 1724 exquisita
827 1665 889 1729 per
903 1641 1049 1707 studium
1062 1662 1136 1727 pse·

141 1747 219 1816 eata
240 1738 491 1812 transcendunt.
534 1739 744 1820 Admoneudi
776 1763 856 1826 ergo
880 1752 973 1826 sunt,
1003 1749 1040 1807 ut
1062 1740 1136 1806 hine

141 1836 322 1920 colligant,
353 1841 412 1924 qui
440 1841 474 1906 in
504 1839 608 1926 eulpa
634 1843 738 1910 etiam
767 1864 802 1906 se
824 1864 885 1928 per
907 1840 1078 1909 eonsilium
1100 1837 1140 1917 li·

140 1947 235 2022 gant,
259 1958 333 2022 qua.
349 1937 550 2024 quandoque
571 1940 696 2008 ultione
711 1940 853 2007 feriendi
865 1951 954 2021 sunt,
979 1939 1144 2025 quinune

140 2053 322 2130 pravorum
341 2059 407 2112 non
432 2041 530 2122 socii,
554 2039 612 2106 sed
633 2042 803 2129 principes
824 2040 917 2106 fiunt.
935 2037 961 2122 ²)

433 2221 460 2290 O
476 2221 507 2288 A
524 2223 551 2290 P
567 2223 642 2290 UT
684 2221 855 2288 XXXIII.

141 2351 323 2422 Q-usmodo
347 2356 574 2425 admouendi,
606 2359 667 2426 qui
693 2354 873 2416 minimis,
905 2350 969 2404 sed
996 2347 1142 2409 eretria
1246 2405 1247 2408 Ἴ

161 2439 357 2510 .t¹⁰¹³⁸‚'tt
380 2444 441 2512 qui
464 2445 624 2510 ustuirnas
647 2446 809 2506 caventes
832 2435 1000 2502 gravibus
1023 2434 1091 2490 ali-
1116 2476 1119 2484 ,
1246 2433 1247 2440 ’

430 2530 565 2599 quando
587 2527 841 2592 immerguntur.

200 2661 313 2730 Aliter
335 2662 535 2732 admonendi
556 2667 652 2740 sunt,
676 2659 736 2748 qui
756 2655 995 2737 lieetminirna,
1017 2655 1139 2722 erebro
1245 2671 1246 2725 t

140 2769 252 2831 timon
274 2765 392 2832 IIlIeita
413 2764 557 2829 Iauiuntz
578 2749 680 2844 atque
703 2758 820 2837 aliter,
843 2749 902 2842 qui
927 2777 962 2822 se
983 2779 1005 2820 a
1023 2753 1136 2844 parvis

108 2909 111 2918 .
140 2862 352 2947 ennodium,
374 2862 430 2928 sed
452 2857 632 2944 aliquande
653 2859 689 2925 in
711 2855 877 2947 gravibus
887 2853 1149 2939 *demerguntur--

140 2959 467 3048 Admonenplisunt‚
500 2958 558 3044 qui
580 2959 734 3045 quamvis
759 2955 794 3023 in
815 2947 1060 3036 miamin-sed
1085 2963 1137 3018 ta·

140 3081 217 3128 nen
243 3063 433 3143 frequenter
459 3055 644 3140 excedunt,
677 3067 715 3124 ut
742 3051 957 3144 nequaquam
986 3051 1137 3120 conside·

139 3171 223 3226 rent*
242 3159 374 3246 qualia,
407 3154 470 3221 'sed
499 3165 628 3243 quanta
654 3157 871 3224 committunt
914 3158 1019 3224 I'aeta
1048 3154 1140 3219 enim

141 3281 203 3327 sua
225 3262 254 3326 si
276 3256 465 3346 despiciunt
485 3258 619 3341 timere,
643 3279 718 3322 eum
740 3263 897 3344 pensant,
923 3252 1048 3319 debent
1069 3251 1137 3319 for·

140 3359 286 3440 midare,
309 3379 384 3425 eum
403 3366 588 3425 numerant
631 3357 728 3428 Altos
753 3357 877 3446 quippe
901 3354 1050 3442 gurgites
1072 3351 1136 3418 flu·
1242 3337 1243 3394 i

140 3461 263 3542 nuum
284 3447 429 3545 parvae,
456 3457 522 3526 sed
549 3457 744 3534 innumerae
772 3454 906 3544 replent
926 3462 1043 3539 guttae
1063 3451 1138 3542 plu·

145 3583 428 3606 *r-F-——uu

166 3611 618 3727 '¹)1²et,⁴1.-.⁸)e1u.ruus
834 3607 836 3614 Ι
