2554 4172
523 161 728 224 „71-

128 337 180 391 tes
203 336 338 391 sanotae
360 325 533 390 Ecclesiae
554 325 716 392 unitatem
737 321 945 406 denuntient,
967 333 1001 390 et
1022 325 1123 410 quasi

124 425 313 490 intromissi
335 422 468 489 circulis
491 445 604 489 arcam
625 433 768 510 portent
812 422 971 488 Vestibus
994 423 1119 509 quippe

129 545 242 589 aream
263 531 412 608 portare,
436 532 486 588 est
510 525 605 589 bonis
620 519 812 588 doctoribus
834 531 982 587 sanctam
1002 520 1119 586 Ecole-
1191 552 1195 558 ·

131 624 214 688 siam
237 621 279 687 ad
301 619 403 687 rudes
425 621 605 687 infidelium
620 631 747 685 mentes
768 619 992 706 praedicando
1018 619 1119 687 dedn-

129 744 213 788 cere.
259 721 327 802 Qui
354 743 437 786 auro
466 743 598 811 quoque
621 719 784 808 jubemur
814 720 954 802 operiri,
985 729 1020 784 ut
1043 718 1120 785 dum

129 844 277 887 sermone
300 820 378 886 aliis
405 822 578 902 insonant,
611 821 677 907 ipsi
706 820 810 885 etiam¹
832 820 922 884 vitae
946 815 1120 900 splendore

127 919 328 1006 fulgescant.
371 919 423 986 De
440 917 562 1006 quibus
576 929 654 1008 apte
669 917 837 987 subditur:
858 917 940 1005 Qui
957 923 1124 1004 -s-'emper'

130 1023 251 1086 erunt
279 1023 319 1086 in
347 1019 548 1100 circulis,
579 1038 653 1082 nee
675 1013 1124 1104 umquamextrahen·

129 1129 196 1186 tur
217 1118 278 1182 ab·
294 1120 360 1183 eis.
405 1117 495 1198 Quia
517 1119 672 1183 nimirum
693 1131 828 1182 neeesse
850 1126 912 1197 est,
935 1125 973 1180 ut
996 1115 1054 1200 qui
1077 1114 1120 1180 ad

129 1217 273 1284 officium
295 1217 551 1303 praedicationis
574 1216 763 1298 exeubrmt,
787 1239 807 1280 a
830 1237 946 1281 sacrae
968 1213 1126 1280 lectionis

130 1315 239 1381 studio
268 1338 333 1382 non
361 1315 525 1381 recedant.
567 1314 620 1379 Ad
647 1314 710 1380 hoc
738 1336 882 1401 namque
911 1322 1021 1379 vectes
1049 1335 1123 1377 esse

129 1416 164 1479 in
185 1414 315 1481 circulis
338 1436 467 1501 semper
486 1414 669 1503 jubentur,
705 1425 741 1479 ut
763 1436 837 1480 cum
859 1414 989 1502 portari
1011 1434 1123 1478 arcam

130 1515 362 1601 opportunitas
385 1514 508 1602 exigit,
538 1513 577 1578 de
599 1513 858 1581 intromittendis
875 1513 1028 1579 vectibus
1049 1531 1123 1593 por-

128 1611 224 1677 tandi
244 1609 387 1678 tarditas
415 1611 511 1678 nulla
534 1622 726 1697 generatum
763 1614 843 1700 quia
872 1611 1029 1678 videlieet
1048 1631 1123 1676 cum

130 1710 282 1798 spiritale
301 1710 429 1798 aliquid
451 1733 471 1776 a
494 1709 638 1777 subditis
660 1720 776 1799 pastor
798 1713 997 1799 inquiritur,
1032 1712 1125 1794 igno·

129 1811 306 1882 miniosum
326 1810 425 1878 valde
452 1819 518 1892 est,
549 1814 577 1894 si
598 1821 678 1880 tuno
708 1822 850 1899 quaerat
865 1813 1017 1894 dissere,
1051 1831 1125 1880 enm

131 1910 360 1994 quaestionem
381 1907 482 1974 debet
503 1909 661 1982 enodare.
703 1909 771 1976 Sed
793 1912 924 1978 circulis
945 1918 1056 1976 vectes
1073 1909 1125 1994 in·¹

129 2007 312 2088 haereant,
345 2016 382 2072 ut
406 2006 556 2074 doctores
579 2031 708 2096 semper
729 2011 762 2074 in
787 2005 856 2079 suis
878 2010 1031 2076 cordibus
1055 2008 1124 2078 elo-

131 2103 212 2191 quia
234 2125 329 2171 sacra
358 2105 557 2172 meditantes
585 2109 777 2173 testamenti
805 2131 914 2178 aream
943 2110 1012 2173 sine
1033 2101 1126 2174 mora

130 2201 282 2287 elevent,
313 2205 341 2270 si
376 2203 539 2294 quidquid
572 2228 708 2294 necesse
730 2216 797 2291 est,
823 2207 975 2293 protinus
997 2207 1124 2273 docent.

131 2301 229 2369 Unde
244 2303 329 2372 bene
340 2307 467 2391 primus
481 2305 602 2374 Pastor
613 2305 787 2372 Ecclesiae
801 2315 954 2393 pastores
977 2316 1126 2371 caeteros

131 2401 298 2484 admonet,
332 2401 462 2470 dicens:
489 2406 633 2474 Parati
660 2427 823 2494 semper
845 2405 897 2470 ad
926 2404 1121 2472 satisfac·

130 2502 299 2568 tionem
328 2505 668 2592 omniposcenti
701 2527 785 2572 vos·
812 2506 1043 2572 rationem
1070 2502 1122 2569 de

132 2625 196 2686 ea,
226 2625 336 2690 quae
371 2604 411 2669 in
441 2604 561 2671 vobis
591 2613 675 2688 est,
708 2627 781 2692 spe
804 2607 846 2689 1);
888 2626 928 2670 ae
950 2607 979 2670 si
1005 2615 1122 2691 aperte

131 2701 239 2768 dieat:
268 2703 315 2768 Ut
336 2703 380 2768 ad
401 2703 598 2790 portandam
621 2725 732 2768 arcam
754 2702 849 2769 nulla
869 2725 962 2770 mora
983 2723 1121 2791 praepe-

131 2801 213 2885 diat,
237 2811 349 2868 vectes
371 2825 392 2868 a
414 2801 543 2869 circulis
567 2825 747 2890 numquam
769 2801 939 2869 recedant.

168 3009 191 3075 ¹)
211 3013 234 3064 1.
252 3011 319 3066 Petr.
338 3011 370 3080 3,
388 3013 428 3068 15.
