2520 4152
458 168 688 234 ..205-

77 332 307 424 perpendant,
341 333 431 421 quod
459 331 666 400 tolerabilius
697 357 769 400 esse
799 337 962 423 potuisset
994 336 1081 401 recti

76 435 169 499 viam
190 455 257 498 non
278 433 445 520 arripere,
482 454 582 518 quarn
609 443 744 518 arrepta
773 442 847 519 post
872 441 1005 518 tergum
1026 457 1077 499 re·

26 589 32 602 .
76 534 162 598 dire.
206 531 281 595 Nisi
302 532 388 594 enirn
410 542 499 598 retro
513 533 715 617 aspicerent
737 555 819 616 erga
835 525 996 620 coeptum
1010 543 1078 599 stu·

78 632 172 698 dium
193 628 322 696 nullot
309 639 438 716 torpore
461 630 670 716 languerent.
707 623 962 717 Audientergo,
986 635 1077 718 quod

78 727 242 816 sultiptum
258 739 321 794 est:
350 728 502 794 Melius
525 739 619 794 erat
641 731 704 794 eis
726 753 805 795 non
827 753 1076 816 cognoscere

79 832 190 895 viam
215 831 438 916 justitiae,
468 849 584 911 quarn
611 840 704 916 post
732 832 992 914 agnitionem
1018 853 1075 895 re·

79 941 271 997 trorsum
303 931 512 996 converti.
540 929 565 1013 1)
618 929 768 994 Audiant
798 929 887 1015 quod
917 933 1077 1018 scriptum

82 1039 149 1094 est:
186 1029 360 1094 Utinam
392 1027 580 1114 frigidus
612 1018 750 1110 esses,
784 1039 854 1095 aut
884 1029 1075 1113 caliduo3

82 1127 153 1193 sed
176 1128 272 1210 quia
293 1127 460 1215 tepidus
483 1143 534 1211 es,
559 1138 597 1193 et
616 1151 692 1194 nec
712 1128 896 1215 frigidus
919 1151 993 1194 nec
1015 1151 1075 1194 ca·

80 1227 211 1310 lidus,
246 1229 443 1314 incipiam
471 1239 508 1293 te
541 1250 735 1294 evomere
765 1251 811 1293 ex
838 1215 1023 1295 oremeo.
1046 1227 1075 1314 2)

79 1323 220 1394 Calidas
243 1326 368 1413 quippe
399 1335 465 1409 est,
497 1331 554 1411 qui
579 1327 667 1394 bona
695 1329 806 1394 studia
833 1340 866 1395 et
894 1329 1015 1414 arripit
1043 1336 1090 1412 ets

77 1435 299 1490 consummat:
317 1425 463 1508 frigidus
484 1447 563 1491 vero
582 1435 642 1507 est,
666 1429 724 1509 qui
740 1426 999 1492 consummanda
1013 1447 1077 1490 nec

78 1523 224 1590 inchoat.
268 1525 312 1590 Et
342 1529 429 1591 sicut
457 1547 478 1588 a
505 1525 630 1609 frigore
651 1547 712 1614 per
737 1536 887 1614 teporem
914 1521 1077 1590 transitur

76 1623 126 1687 ad
155 1623 317 1706 calorem,
350 1625 398 1688 ita
427 1648 448 1689 a
470 1623 580 1691 colore
610 1647 672 1712 per
701 1637 845 1713 teporem
874 1626 1002 1692 reditur
1032 1623 1076 1688 ad

76 1723 196 1809 frigus.
248 1723 410 1814 Quisquis
443 1747 523 1810 ergo
556 1727 677 1790 amisso
707 1725 915 1791 infidelitatis
950 1710 1088 1809 frigore

78 1824 177 1905 vivit,
201 1822 259 1887 sed
281 1844 494 1910 nequaquam
521 1833 634 1911 tepore
658 1835 815 1911 superato
846 1825 1027 1905 excrescit,
1045 1813 1075 1909 ³)

75 1933 119 1988 ut·
128 1921 266 2006 ferveat,
289 1924 406 2010 procul
419 1922 520 1989 dubio
538 1923 650 1989 calore
665 1923 853 2010 desperato,
876 1921 953 1990 dum
974 1923 1074 1989 noxio

78 2021 118 2086 i'n
138 2028 253 2108 tepore
274 2023 482 2106 demoratur,
513 2025 600 2108 agit,
629 2033 667 2089 ut
687 2024 855 2108 frigescat.
900 2021 967 2088 Sed
989 2023 1075 2088 siout

77 2111 161 2188 anto
182 2131 328 2209 teporem
349 2123 456 2206 frigus
479 2123 542 2188 sub
566 2145 624 2211 spe
647 2133 708 2206 est,
732 2125 779 2187 ito
800 2131 875 2210 post
894 2121 1004 2205 frigus
1026 2129 1075 2184 te·

79 2243 142 2308 por
164 2221 197 2286 in
225 2221 468 2310 desperatione.
513 2222 581 2302 Qui
608 2225 697 2288 enim
727 2219 839 2288 adhue
866 2223 904 2286 in
930 2221 1077 2306 peccatis

79 2330 150 2400 est,
177 2323 411 2389 conversionis
442 2323 597 2388 fiduciam
628 2341 694 2388 non
724 2323 853 2388 amittit.
898 2320 965 2401 Qui
998 2338 1077 2386 vero

78 2430 158 2506 pest
179 2424 428 2489 conversionem
449 2425 566 2511 tepuit,
591 2433 740 2510 etspem,
765 2441 850 2507 quae
874 2442 946 2486 esse
968 2419 1079 2505 potuit

80 2518 124 2583 de
144 2529 337 2606 peccatore,
364 2523 545 2590 subtraxit.
587 2522 657 2588 Aut
678 2521 809 2587 calidus
830 2538 911 2608 ergo
934 2523 1077 2608 quisque

80 2641 173 2700 esse,
196 2629 256 2687 aut
277 2621 421 2705 frigidus
443 2626 638 2708 quaeritur,
669 2643 710 2688 ne
732 2623 866 2709 tepidus
889 2632 1078 2702 evometur3

80 2729 121 2785 ut
151 2719 309 2787 videlieet
344 2731 403 2786 aut
432 2724 573 2789 necdum
607 2745 785 2788 conversus
816 2721 925 2786 adhuc
958 2721 1000 2786 de
1042 2741 1077 2797 se

48 2883 51 2888 ,
78 2841 175 2904 apem
198 2823 426 2886 conversionis
454 2822 632 2911 praebeat,
663 2831 733 2887 aut
747 2823 817 2907 jam
840 2841 1020 2887 conversus
1043 2821 1079 2884 in

79 2919 265 2986 virtutibus
302 2922 515 3001 inardescat3
555 2943 597 2985 ne
630 2929 802 2985 evomatur
831 2917 983 3004 tepidus,
1018 2919 1079 3004 qui

78 3017 257 3098 aealore,
291 3040 388 3106 quem
411 3023 603 3107 proposuit,
637 3029 769 3104 torpore
799 3017 842 3082 ad
864 3017 999 3108 noxium
1018 3016 1079 3082 fri-

78 3136 147 3241 gus
168 3116 264 3183 redit.

91 3267 371 3279 —0--——...„..

103 3349 171 3424 ι)2
191 3351 258 3411 Patr.
276 3355 301 3422 2,
319 3353 420 3407 21.-
387 3351 466 3424 -¹)
484 3355 564 3422 Apoc.
582 3351 608 3420 3,
627 3349 728 3432 1,.5-
757 3349 798 3429 ³)
799 3341 860 3405 Alit
879 3339 999 3436 quisquis
1017 3325 1088 3420 ergo

94 3445 96 3453 '
137 3439 251 3493 amisso
268 3425 426 3494 infidelitatis
450 3441 558 3509 frigore,
583 3439 639 3493 sot
657 3451 818 3508 nequequam
845 3443 931 3546 tepore
958 3446 1084 3550 superato

151 3526 305 3598 exardescit,
322 3532 352 3582 ut
368 3530 415 3583 ete.
1072 3547 1076 3552 ·

834 3622 839 3630 ⁴
921 3617 972 3666 eo.
988 3620 1004 3631 ·¹
1035 3619 1050 3680 .'
