2556 4150
557 155 762 220 qa..

158 322 229 386 nis
251 341 331 386 non
353 321 471 386 venit
491 321 740 403 ministrari,
763 320 835 386 scd
853 322 1106 388 ministrare.
1131 322 1163 407 ¹)

157 420 248 486 Hinc
269 430 351 501 est,
372 419 461 508 quod
490 441 621 486 servum
646 443 690 485 ex
720 432 874 508 suscepto
901 421 1064 508 regimine
1086 419 1161 491 ela·

157 529 227 584 tum
250 539 337 604 quac
358 530 435 604 post
456 517 622 604 supplicia
647 529 821 602 maneant,
854 518 998 602 indicat,
1030 519 1164 588 dicens:

159 617 277 698 Quod
299 619 335 682 si
355 619 518 684 dixerit
538 618 672 684 malua
694 618 769 684 ille
792 641 945 685 servas
966 621 1010 684 in
1031 619 1159 686 corde

158 735 243 784 suo:
283 716 436 784 Moram
471 716 584 784 facit
615 718 815 784 Dominus
847 720 1161 801 mousvsnire,

157 817 411 904 etcoeperit
432 826 654 903 percutere
672 838 897 884 conservos
920 841 1028 900 suos,
1051 841 1157 886 man·

156 915 282 982 ducet
303 924 441 981 autem
464 924 503 981 et
523 915 643 982 bibat
662 939 749 982 cum
765 916 909 983 ebriis:
930 918 1070 983 veniet
1091 917 1160 984 do*

155 1017 291 1082 minus
311 1017 428 1080 servi
457 1014 575 1080 illius
596 1016 641 1079 in
663 1015 745 1096 dic,
781 1039 865 1103 qua
886 1039 971 1084 non
992 1026 1158 1104 sperat,

157 1125 198 1180 et
219 1115 348 1196 hora,
373 1137 452 1200 qua
473 1115 662 1198 ignorat,
687 1127 726 1180 et
747 1116 913 1181 dividet
936 1137 1041 1196 enm,
1064 1139 1156 1202 par·

155 1223 325 1302 temque
353 1214 605 1299 ejusponot
633 1235 719 1279 cum
750 1215 1003 1302 hypocritis.
1028 1215 1054 1296 ²)
1097 1215 1155 1282 In·

154 1320 207 1378 mr
227 1311 420 1399 hypocritas
442 1313 530 1377 enim
546 1313 623 1396 jure
646 1311 848 1397 deputatur,
872 1317 930 1398 qui
953 1337 996 1378 cx
1018 1314 1156 1382 simula·

155 1414 244 1476 tione
256 1410 453 1498 disciplinae
470 1413 693 1476 ministerium
700 1412 880 1495 regiminis
894 1414 998 1478 vertit
1008 1414 1044 1478 in
1057 1435 1155 1482 usum

155 1508 406 1593 dominationis3
439 1521 608 1576 ettamen
627 1532 869 1596 nonnunquam
890 1513 1026 1595 gravius
1047 1512 1157 1578 delin-

155 1610 293 1697 quitur,
326 1610 356 1675 si
381 1611 467 1674 inter
493 1631 670 1696 perversos
701 1609 777 1694 plus
805 1609 1017 1696 aequalitas,
1053 1634 1157 1698 quam

156 1707 334 1795 disciplina
364 1708 559 1774 custoditur.
605 1707 695 1787 Quia
724 1709 812 1774 euim
839 1708 927 1784 falsa
944 1710 1077 1794 ,pietate
1098 1733 1154 1777 su·

156 1819 296 1894 peratus
317 1808 419 1873 ferire
440 1806 519 1873 Heli
541 1807 775 1893 delinquentes
796 1806 881 1874 lilios
912 1805 1036 1888 noluit,
1067 1809 1160 1890 apud

158 1905 346 1972 districtum
377 1908 523 1993 judicem
562 1908 774 1994 semetipsum
809 1930 884 1972 cum
918 1905 999 1971 filiis
1031 1904 1163 1972 crudeli

158 2005 372 2072 damnatione
395 2013 568 2094 percussit.
588 2003 613 2093 3)
647 2007 735 2073 Hinc
746 2028 891 2092 namque
904 2004 1018 2070 divina
1033 2006 1065 2067 ei
1079 2025 1161 2070 voce

157 2105 293 2172 dicitur:
331 2107 567 2173 Honorasti
593 2107 719 2173 filios
749 2118 843 2185 tuos
869 2104 1006 2185 magis
1038 2123 1159 2188 quam

155 2207 274 2293 med)
317 2206 406 2272 Hinc
427 2218 579 2293 pastores
609 2208 761 2292 increpat
782 2226 845 2290 per
864 2201 1085 2288 Prophetam,
1110 2199 1158 2266 di-

157 2328 257 2372 cens=
291 2305 610 2384 Qnodfractum
634 2315 709 2385 est,
742 2326 822 2367 non
843 2301 1094 2385 alligastis,
1120 2312 1164 2366 et

157 2406 264 2490 quod
287 2404 508 2491 abjectum
532 2416 615 2485 est,
637 2426 719 2468 non
740 2400 988 2466 reduxistis.
1015 2399 1043 2487 ὁ)
1088 2397 1158 2465 Ab·

156 2507 265 2590 iectus
287 2504 374 2566 enim
397 2500 585 2582 reducitur,
608 2525 680 2566 cum
704 2503 848 2586 quisquc
865 2501 901 2564 in
919 2499 1020 2586 eulpa
1039 2499 1160 2586 lapsus

156 2603 200 2670 ad
223 2613 345 2669 statum
362 2602 518 2688 justitiae
535 2623 577 2665 cx
594 2599 774 2686 pastoralis
788 2598 1023 2667 sollicitudinis
1040 2598 1158 2684 vigore

155 2713 342 2770 revocatur.
385 2703 583 2768 Praeturam
605 2722 686 2764 vero
708 2699 853 2783 ligamen
867 2697 1060 2784 adstringit,
1082 2711 1159 2764 oum

156 2803 291 2892 culpam
313 2801 493 2888 disciplina
515 2799 685 2886 deprimit,
714 2820 757 2862 ne
779 2798 880 2886 plaga
906 2821 1014 2886 usque
1043 2797 1086 2861 ad
1109 2783 1185 2860 iu-'

155 2906 290 2971 teritum
319 2900 465 2983 defluat,
498 2902 527 2964 si
556 2901 643 2966 hanc
664 2897 881 2965 districtionis
905 2898 1069 2964 severitas
1090 2917 1160 2965 non

156 3012 311 3068 coarctat.
854 3050 857 3058 .

221 3101 288 3166 Sed
310 3122 411 3188 saepe
434 3099 581 3164 deterius
605 3098 787 3184 frangitur,
823 3119 898 3162 cum
926 3097 1076 3162 fractura
1103 3095 1160 3162 iu·

155 3211 254 3268 caute
276 3198 465 3284 colligatur,
489 3199 537 3262 ita
558 3207 596 3262 ut
614 3199 752 3284 gravius
769 3197 947 3262 scissuram
969 3195 1102 3275 sentiat,
1126 3192 1158 3258 si

155 3301 246 3366 hanc
279 3298 529 3365 immoderatius
556 3296 740 3381 ligamenta
768 3297 1011 3380 constringant.
1053 3291 1159 3360 Unde

190 3530 210 3592 ¹)
235 3529 327 3584 Matth.
345 3528 392 3596 20,
410 3527 452 3584 25.
471 3531 519 3581 etc.
537 3555 570 3564 -
597 3523 621 3594 ²)
640 3524 731 3576 Matth.
749 3523 797 3590 24,
814 3522 857 3578 48.
875 3528 924 3576 cte.
943 3549 973 3560 -
1003 3519 1024 3586 ³)
1042 3520 1067 3574 1.
1085 3519 1152 3586 ch.

240 3615 271 3684 l,
290 3614 331 3672 17.
350 3613 392 3672 18.
411 3642 440 3654 —
461 3612 481 3680 l)
500 3613 524 3668 1.
543 3613 606 3680 hog.
624 3609 657 3678 2,
672 3608 717 3670 29.
736 3637 770 3649 -ψ
789 3609 809 3674 ⁶)
826 3607 920 3666 ΕΜ.
943 3606 992 3674 8⁴,
1013 3605 1038 3664 l.
