2520 4152
150 371 400 439 adveniens
410 378 580 439 werec:-
598 371 650 436 r‘el
665 368 807 458 idcirco·
819 379 951 440 larena
979 367 1152 452 stipendio
1165 409 1170 416 -

149 457 185 522 in
214 453 463 542 praedicatione
501 456 731 540 consequitur,
766 466 808 518 ne'
836 451 1152 538 apraedicationis

150 559 231 604 voce
255 559 315 622 per
327 533 550 620 indigentiam
569 536 729 601 lassetur:
748 536 830 603 *huic
842 536 955 622 p'rocul
979 534 1082 613 dubio
1103 533 1150 599 ad

149 619 375 706 recipiendam
386 617 570 683 mercedem
584 619 631 683 nil
642 618 754 684 obstat
770 622 803 686 in
816 619 938 706 patria,
962 618 1042 706 quia
1059 640 1150 684 sum-

148 703 370 788 tus-sumpsit
390 704 429 764 in
447 702 515 766 via.
602 735 605 740 ,
845 761 849 768 Δ

154 832 157 841 .
211 784 240 848 8.
274 783 354 850 Sed}
386 783 445 849 uid
468 807 527 849 nos
549 783 654 875 (quod
675 795 787 849 tamen
811 785 880 851 sinc
904 781 1015 851 dolore
1038 781 1152 851 dicere
1207 839 1209 844 .

149 891 217 936 non
239 807 390 954 possuail
415 865 493 952 quid
518 889 597 947 nos,
620 890 639 931 o
662 867 838 948 Pastores,
862 869 1008 950 agimus,
1033 867 1091 950 qui
1115 877 1152 931 et

150 951 607 1052 mercedemconsequimur,
637 959 671 1013 et
699 961 811 1015 tamen
840 950 990 1033 operarii
1009 955 1154 1034 :nequa-

150 1057 251 1123 quam
273 1035 409 1098 sumus?
445 1032 593 1098 Fructus
614 1033 739 1130 quippe
754 1044 902 1098 ,sanctae
916 1031 1090 1099 Ecclesiae
1114 1033 1151 1094 in
1237 1045 1238 1056 ¹

151 1113 318 1204 stipendio¹
338 1113 530 1198 quotidiano
554 1119 770 1200 percipimus,
794 1113 858 1180 sed·
875 1127 985 1187 tamen
1006 1121 1080 1198 pio.
1093 1136 1150 1178 ae·

148 1211 245 1266 terna
268 1199 421 1262 Ecclesia
449 1198 583 1262 minime
608 1199 645 1262 in
669 1197 918 1282 praedications
948 1197 1151 1266 laboramus

149 1285 333 1366 Penssmus
349 1283 446 1366 cujus
460 1279 687 1346 damnationis
702 1282 754 1358 sit,
777 1283 850 1349 sine
863 1279 979 1346 labore
996 1280 1051 1344 hic
1074 1301 1153 1363 per·

150 1367 264 1450 cipere
276 1361 470 1428 mercedem
481 1361 612 1427 laboris.
657 1365 744 1428 Ecce
760 1360 1150 1434 ex.oblatiouc.fidelium

150 1449 305 1528 vivianus,
330 1446 388 1509 sed
424 1445 482 1508 uid
505 1444 911 1530 proanimabusfidelium
934 1444 1151 1514 laboramus?

149 1531 216 1596 llla
237 1531 272 1590 in
295 1467 497 1613 stipendium
518 1539 667 1593 noenum
684 1529 852 1606 sum-imus,
877 1547 1039 1611 quaeaepro
1062 1526 1148 1596 redi·
1237 1529 1238 1582 l

149 1613 279 1676 mendis
307 1614 456 1697 peccatis
483 1612 551 1676 suis
572 1611 686 1676 fideles
713 1609 917 1686 obtuleruntc
945 1632 1010 1678 nce
1038 1621 1146 1677 tamea

150 1706 265 1760 eontra
288 1697 430 1780 paccata
449 1693 567 1759 cadem
580 1694 636 1758 vel
657 1695 818 1760 orationis
832 1688 952 1770 studio,
975 1693 1028 1759 rel
1052 1701 1142 1778 prde-

149 1779 338 1858 dicationis,
361 1789 399 1842 ut
413 1778 549 1862 dignum
561 1788 621 1856 est,
645 1777 846 1842 insudamus.
890 1775 958 1840 Vix
973 1797 1032 1862 pro
1048 1773 1146 1862 culpa

151 1871 212 1925 eae
259 1859 426 1944 ircmpiadr
449 1869 566 1945 aperta
595 1881 675 1926 voce
698 1858 984 1946 reprehendimus·
1025 1859 1071 1924 Et
1091 1857 1147 1924 ad·

150 1945 216 2008 buc
231 1881 416 2090 {quodem
436 1941 589 2024 gravius)
609 1942 794 2027 aliquando
816 1943 843 2006 si
867 1963 1008 2026 persona
1032 1944 1066 2006 iu
1089 1942 1152 2011 boc

149 2021 228 2090 idun
252 2047 277 2090 o·
296 2038 414 2119 pptens
427 2029 483 2106 sit,
507 2026 580 2109 ejus
591 2027 733 2090 forsitan
755 2036 867 2090 errata
888 2023 1084 2104 laudantur,
1107 2047 1151 2092 ne

148 2108 402 2190 siadvcrsetur,
426 2132 486 2194 per
500 2108 845 2174 iracundiammunus
859 2105 1043 2172 subtrahat
1058 2107 1152 2190 quod

150 2191 371 2278 impendebat.
413 2191 480 2258 sed
495 2191 652 2270 debemus
664 2193 736 2256 sine
752 2190 937 2254 cessatione
959 2189 1150 2258 meminisse

151 2275 245 2363 quod·
263 2275 302 2338 de
315 2274 517 2362 quibusdam
534 2275 696 2360 scriptum
712 2285 785 2338 estt·
799 2273 849 2336 Pe
860 2280 985 2334 ccccc·
997 2271 1150 2354 populi
1237 2281 1238 2288 ’

151 2359 225 2420 mei
248 2357 474 2422 comedent:
489 2359 513 2438 ¹)
558 2356 628 2420 Cur
651 2362 761 2420 autem
789 2361 927 2436 peccata
951 2351 1148 2438 ,populius-

150 2438 284 2502 mcdere
307 2439 483 2520 dicuntur,
520 2440 585 2502 nisi
607 2440 689 2523 quia
717 2447 854 2521 peccata
881 2433 1150 2520 delinquentium

150 2522 286 2598 sovana,
300 2543 306 2566 ¹
320 2543 362 2583 ne
386 2518 582 2604 temporalia
614 2519 781 2604 stipendia
803 2517 983 2583 amittant?
1025 2517 1093 2583 Sed
1113 2529 1150 2586 et

150 2623 213 2667 nos
235 2604 292 2686 qai
315 2625 357 2664 ex
379 2601 606 2666 oblationibus
626 2601 772 2667 fidelium
795 2601 960 2682 vivimus,
992 2623 1076 2686 quas
1098 2601 1150 2670 illi

151 2703 210 2772 pro
233 2685 380 2770 pcccatis
402 2685 472 2750 suis
494 2683 703 2762 obtuleruut,
728 2687 757 2748 si
780 2683 981 2748 comedimus
1003 2696 1038 2748 et
1059 2697 1149 2752 taee-

150 2785 237 2849 mus,
258 2771 371 2832 ‘cotum
385 2767 501 2851 procul
514 2767 617 2833 dubio
631 2777 768 2851 peccata
781 2765 1031 2832 manducamus
1064 2767 1150 2832 Pen-

149 2869 264 2926 aemus
285 2869 383 2934 orgo,
407 2852 503 2937 cujus
524 2851 569 2915 sit
590 2851 682 2937 apud
704 2851 813 2914 Deum
835 2853 1001 2930 criminis,
1030 2873 1148 2934 pecca·
1237 2929 1238 2934 γ

148 2945 257 2998 torum
280 2935 421 3020 pretium
450 2934 672 3013 manducare,
705 2945 739 2998 et
758 2931 842 2998 nibil
867 2943 981 2998 contra
1000 2945 1150 3018 ,peccata

152 3016 379 3104 praedicando
407 3039 517 3100 agere.
560 3017 744 3082 Audiamus
767 3015 847 3102 quid
867 3017 960 3082 beati
980 3015 1046 3081 Job
1068 3039 1149 3089 voce

154 3100 293 3166 dicitur:
323 3101 367 3162 ui
389 3101 613 3164 adversum
636 3124 696 3164 me
725 3105 958 3166 terra'mea
981 3098 1148 3180 elamat,

151 3194 302 3248 etcum
331 3185 426 3268 ipsa
450 3182 558 3246 sulci
588 3187 680 3270 ejus
703 3183 881 3262 deflent,
913 3185 947 3246 si
977 3185 1149 3247 fructus

155 3267 248 3352 ejus
274 3266 440 3330 comedi
463 3265 624 3350 absque
656 3267 848 3353 pecunia.
864 3266 889 3352 ²)
934 3267 1040 3330 Tetra
1063 3266 1151 3330 enim

152 3360 269 3413 contra
297 3371 524 3432 possessorem
560 3373 655 3414 suum
685 3349 829 3432 clamat,
865 3349 997 3434 quando
1034 3359 1151 3414 contr-a

154 3431 325 3496 Pastorem
359 3453 452 3494 suum
482 3433 574 3517 juste
612 3432 764 3496 Ecclesia
800 3443 990 3497 murnmrat.
1042 3431 1151 3518 Cujus

154 3515 254 3577 ctiam
267 3513 352 3577 sulci
362 3513 494 3594 deflent,
520 3515 548 3578 si
561 3515 657 3578 corda
671 3516 890 3598 audientium,
913 3536 999 3600 quae
1012 3537 1032 3578 a
1053 3536 1151 3601 prae·

158 3623 437 3656 .....-..........,.‚;......⁶.,

190 3671 209 3735 ¹>
228 3671 307 3724 osee.
324 3672 347 3740 u,
367 3673 391 3728 s.
411 3703 443 3712 -
462 3675 482 3740 ²)
500 3675 556 3729 sou.
574 3674 616 3745 31,
635 3675 678 3730 38.
695 3675 737 3730 ao.
756 3629 759 3636 ³
819 3661 823 3666 ’
