2554 4172
505 179 733 247 ..ltc-

128 345 219 427 duit,
245 366 329 431 quos
353 355 468 412 contra
491 369 526 411 se
549 344 697 430 graviter
718 347 831 414 unitos
853 346 946 426 vidit,
967 367 1041 424 cum
1058 349 1150 426 eloe.

128 445 235 514 mavit
255 443 384 511 diceus:
422 443 514 509 Viri
542 441 723 526 iratres,
754 465 831 530 ego
854 444 1130 524 Pharisaeus,

129 567 235 624 sum,
264 540 393 608 filius
426 539 779 624 Pharisaeorum,
809 541 857 608 de
891 566 964 629 spe
993 555 1035 612 et
1062 569 1124 624 rc·‚

15 683 20 690 ·
129 633 1129 730 surrectionemortuorum‘egojudicor.¹)Dum<

127 764 194 830 qne
217 739 406 806 Sadducaei
435 760 527 827 spem
551 741 891 827 resurrectionemque
919 753 1130 829 mortuorum

128 863 203 908 esse
224 840 443 924 denegarent,
466 859 566 925 qnam
579 833 757 905 Pharisaei
774 841 875 926 juxta
892 842 980 906 sacri
996 843 1130 932 eloquii,

126 948 307 1026 praecepta
329 936 520 1020 crederent,
549 937 640 1004 facts
666 938 704 1004 in
725 951 975 1022 persecutorum
1002 944 1156 1020 unani„

127 1039 241 1104 mitctc
266 1036 428 1102 dissensio
452 1045 518 1117 cst,
542 1045 575 1100 et
596 1035 706 1106 divisa
727 1035 828 1102 turba
840 1036 979 1104 illaesus
994 1039 1125 1111 Paulus

126 1138 251 1219 exivit,
285 1157 370 1221 quae
403 1133 492 1200 hunc
525 1137 620 1200 unita
643 1136 736 1223 prius
767 1137 954 1202 immaniter
989 1140 1130 1226 pressit,

34 1291 37 1298 .
125 1235 337 1304 Admonendi
358 1234 470 1320 itaque
492 1246 586 1318 sunt,
611 1237 671 1320 qui
690 1234 864 1299 faciendae
887 1237 981 1323 pacis
1003 1238 1121 1304 studiis

125 1342 350 1420 occupantur,
381 1342 419 1398 ut
444 1356 622 1420 pravorum
650 1330 817 1400 mentibus
850 1335 945 1420 prius
979 1359 1119 1403 amorem

127 1429 274 1498 debeant
289 1433 440 1498 internae
457 1434 550 1518 pacis
566 1432 760 1512 infundere,
784 1444 950 1518 quatenus
965 1437 1013 1500 eis
1029 1448 1128 1522 postz

123 1531 254 1596 modum
276 1531 387 1596 valeat
407 1533 553 1597 exterior
574 1555 643 1616 pax
663 1532 836 1616 prodesse:
858 1542 895 1599 nt
916 1532 994 1599 dum
1007 1557 1120 1600 eorum

123 1652 182 1696 cor
202 1632 236 1695 in
264 1631 354 1696 illius
382 1632 571 1718 cognitione
587 1631 613 1714 ²)
643 1631 875 1716 suspenditur,
905 1655 1119 1722 nequaquam

123 1731 168 1795 ad
188 1732 373 1815 nequitiam
402 1753 445 1794 ex
472 1727 573 1815 hujus
600 1732 813 1814 perceptione
835 1733 1000 1818 rapiatur:
1030 1733 1121 1798 dum-

125 1850 191 1913 que
214 1851 394 1912 supernam
416 1827 611 1915 provident,
643 1837 812 1894 terrenam
840 1829 936 1898 nullo
957 1830 1054 1898 modo
1075 1833 1128 1912 ad,

124 1947 222 1990 nsum
245 1949 326 1990 suae
350 1923 615 1992 deteriorationis
633 1925 802 1992 inclinent.
846 1926 930 1994 Cum
943 1952 1023 1998 vero
1043 1955 1119 2020 pcr—
1165 1941 1167 1946 '

126 2023 217 2088 versi
239 2027 364 2110 quique
386 2024 474 2090 tales
498 2035 591 2104 sunt,
619 2033 655 2087 ut
677 2047 799 2090 nocere
822 2024 918 2092 bonis
939 2039 1126 2116 nequeant,

125 2125 257 2188 etiamsi
278 2125 535 2211 concupiscant,
561 2124 646 2189 inter
667 2122 727 2189 hos
757 2125 910 2188 nimirum
932 2124 1032 2190 debet
1054 2138 1119 2194 tor·

124 2243 207 2288 rena
229 2223 485 2310 pax'construi‚
519 2231 553 2287 et
574 2223 770 2308 priusquam
794 2221 837 2286 ab
862 2223 910 2286 eis
932 2222 1044 2288 valeat
1065 2247 1118 2288 su·

122 2343 230 2410 perna
243 2323 413 2408 cognosci:
435 2332 473 2388 nt
485 2320 520 2386 hi
533 2321 670 2405 scilicet,
693 2343 775 2407 quos
786 2321 1119 2388 contradilectioncm

124 2421 190 2486 Dei
202 2421 330 2487 malitia
348 2445 428 2490 suae
443 2422 624 2510 impietatis
636 2431 827 2506 exasperat,
852 2419 971 2487 saltem
990 2443 1116 2507 expro-

124 2521 207 2584 ximi
227 2543 337 2588 amore
358 2530 613 2602 mansuescant,
642 2532 675 2586 et
696 2521 796 2607 quasi
819 2542 836 2584 s
859 2521 969 2586 vicino
991 2520 1034 2586 ad
1050 2543 1116 2586 mc·

123 2616 190 2684 lius
218 2631 410 2704 transcant,
442 2632 478 2686 ut
500 2619 542 2684 ad
573 2619 682 2700 illam,
712 2641 800 2705 quae
829 2641 850 2683 a
873 2642 907 2683 se
929 2619 1031 2704 longe
1054 2629 1118 2704 est,

123 2741 239 2806 pacem
263 2719 454 2787 Conditoris
475 2719 668 2785 ascendant.

433 2901 640 2968 CAPUT
676 2899 804 2966 XXIV.

124 3035 301 3102 Quomodo
333 3037 539 3092 admonendi
562 3039 667 3088 rudes
693 3036 728 3088 in
752 3038 918 3089 doctrina
943 3053 1062 3106 saort,
1089 3042 1118 3088 ct

355 3115 359 3123 ’
384 3124 489 3184 docti,
517 3121 574 3174 sed
599 3136 664 3172 nou
691 3120 853 3175 humiles.

188 3255 296 3322 Aliter
318 3256 519 3324 admonendi
541 3265 637 3348 sunt,
673 3257 731 3341 qui
752 3276 867 3322 sacrae
887 3257 989 3341 Legis
1011 3256 1118 3322 verba

124 3379 193 3423 non
215 3367 304 3423 recte
324 3357 359 3419 in
377 3354 529 3439 eolligunt,
555 3367 656 3440 atque
672 3355 787 3434 aliter,
811 3358 869 3443 qui
881 3367 970 3422 recte
985 3355 1118 3444 quidem

124 3457 336 3542 intelligunt,
377 3453 418 3519 cd
438 3453 521 3519 haec
543 3453 708 3520 humiliter
731 3478 797 3522 non
818 3456 1008 3542 loquuntur.
1049 3453 1120 3519 Ad·

133 3583 407 3600 W—

160 3639 180 3705 ¹)
197 3640 256 3692 Act.
274 3637 316 3706 23,
335 3637 358 3693 6.
380 3584 422 3676 -q
431 3635 454 3705 ¹)
473 3634 536 3690 Alit.
555 3633 715 3702 cogitatione.
