2554 4172
557 185 856 270 ωηο.-Ι

167 353 234 424 tic
262 351 436 420 illorum
465 351 645 437 inopium
676 349 897 438 supplent,
929 361 973 418 et
1002 359 1046 418 ut
1073 351 1169 420 illo·

169 475 259 520 rum
287 447 548 516 abundantio
580 458 750 514 uestrae
784 451 958 538 inopiae
987 453 1042 516 sit
1071 474 1166 534 eup-

166 547 474 638 plcmentum.¹)
517 545 600 614 Cum
633 549 720 628 enirn
749 549 858 616 dantis
882 572 975 616 mens
1004 550 1091 615 ferre
1113 551 1166 616 in·

168 649 280 736 opium
308 651 431 730 nescit,
461 647 490 712 ei
516 645 618 710 multu
638 644 706 710 sibi
735 647 919 730 subtrahit,
956 648 1168 716 occasionem

164 757 288 814 contro
312 772 347 814 se
358 745 582 832 impatientiae
595 747 749 831 exquirit.
786 747 886 812 Prius
902 770 1047 834 namque
1070 771 1167 835 prae·

167 845 345 934 parendus
368 856 418 910 est
437 843 618 930 patientioe
641 845 787 928 animun,
822 857 855 911 et
876 857 957 914 tunc
978 855 1039 912 aut
1059 847 1169 914 multa

171 955 252 1012 nunt
280 955 338 1010 aut
367 952 483 1020 cuncta
506 941 700 1028 largienda:
734 968 776 1010 no
799 946 876 1010 dum
908 947 1016 1011 minus
1038 969 1167 1034 aequa-

167 1046 302 1112 nimiter
323 1042 434 1126 inopie
458 1041 590 1106 irruens
613 1041 739 1125 fertur,
773 1055 805 1109 et
826 1046 1031 1130 praemissae
1060 1045 1166 1130 largi·

166 1147 250 1212 tutis
271 1163 393 1210 merces
414 1151 540 1226 pereat,
562 1149 596 1204 et
619 1141 729 1207 arilinc
749 1154 892 1208 mentem
905 1144 1052 1210 deterius
1074 1169 1166 1212 mur·

167 1243 311 1311 mutatio
340 1237 550 1324 subsequens
581 1241 710 1326 perdat.
755 1241 805 1306 Nc
834 1244 967 1308 omnino
995 1242 1079 1314 nihil
1115 1245 1167 1310 eis

168 1343 361 1430 proebeant,
387 1337 511 1425 quibus
534 1339 683 1404 conferre
706 1339 836 1428 aliquid
861 1362 1004 1429 pervum
1028 1341 1167 1425 debent,
1265 1329 1266 1338 ἵ

171 1441 308 1504 audiunt
350 1435 437 1524 quod
474 1438 633 1524 scriptum
666 1449 731 1504 est:
776 1436 900 1504 Omni
928 1442 1094 1526 petenti
1123 1451 1164 1506 te

166 1534 359 1621 tribuc.²)
403 1537 454 1602 Nc
489 1538 607 1602 saltem
639 1537 765 1624 aliquid
801 1537 1003 1625 praebcant,
1038 1535 1164 1626 quibus¹

163 1639 297 1704 omnino
320 1636 467 1701 conferre
489 1637 537 1702 nil
560 1637 682 1702 debent
689 1687 699 1720 ,
723 1636 863 1704 audiant
893 1640 981 1726 quod
1004 1641 1162 1727 scriptum

164 1747 231 1802 eet:
262 1735 322 1800 Da
352 1733 480 1817 bono,
515 1747 554 1802 ct
587 1759 668 1802 non
697 1740 934 1823 receperis
966 1749 1158 1826 peccato·

166 1855 264 1897 rem:
291 1833 470 1898 benefac
500 1833 670 1917 humili,
704 1843 745 1899 et
776 1860 856 1902 non
889 1838 1061 1904 dederis
1095 1841 1161 1902 im·

165 1933 244 2020 pio.
261 1929 287 2016 ὃ)
332 1932 377 1997 Et
398 1955 545 1998 rursum:
566 1933 716 2000 Panem
741 1947 854 2002 tuum
877 1951 919 2002 et
941 1939 1076 2004 vinnm
1100 1961 1162 2003 su-

167 2052 239 2117 per
261 2030 660 2120 sepulturnmjusti
682 2036 919 2117 constitue,
943 2047 986 2100 et
1009 2035 1092 2100 noli
1114 2059 1164 2100 ex

165 2149 212 2192 co
232 2128 533 2196 manducarect
549 2133 696 2199 bibere
713 2157 799 2200 cum
820 2135 1162 2220 peccatoribusfi)
1265 2197 1266 2204 χ

228 2227 354 2294 Panem
383 2232 471 2296 enim
494 2255 588 2296 suum
612 2245 644 2296 ct
677 2234 790 2296 vinum
812 2229 1043 2316 peccatoribus
1064 2250 1162 2312 prae-

166 2325 236 2408 bet,
260 2329 317 2414 qui
338 2331 463 2417 iniquis
486 2330 636 2396 subsidia
659 2352 720 2417 pro
742 2352 800 2409 eo,
826 2324 913 2410 quod
936 2325 1046 2410 iniqui
1070 2333 1161 2404 sunt,

167 2423 340 2513 impendit.
383 2429 481 2496 Unde
509 2439 543 2493 et
572 2427 719 2493 nonnulli
750 2426 852 2511 hujus
883 2421 999 2486 mundi
1031 2423 1164 2504 divites,

166 2547 243 2590 cum
268 2525 356 2592 fuine
383 2528 572 2594 crucientur
596 2525 722 2591 Christi
744 2543 908 2609 pauperes
916 2570 927 2604 ,
956 2521 1071 2590 effusis
1093 2522 1164 2588 lar·

165 2625 330 2710 gitatibus
359 2628 513 2692 nutriunt
547 2621 735 2688 histriones.
787 2621 854 2702 Qui
883 2644 964 2687 vero
998 2621 1166 2706 indigenti

166 2719 267 2788 etiem
295 2725 461 2810 peccatori
490 2743 609 2809 panem
638 2741 757 2804 suuni,
791 2743 855 2788 uon
887 2723 965 2808 quia
996 2731 1164 2809 peccator,

168 2821 227 2886 sed
250 2825 330 2910 quia
352 2821 447 2887 homo
469 2829 539 2903 est,
561 2817 696 2902 tribuit3
729 2821 882 2888 nimirum
899 2829 979 2888 'non
1011 2829 1165 2908 peccato·

168 2945 250 3006 rem,
274 2920 332 2986 sed
349 2923 480 3008 justum
501 2941 682 3007 pauperem
705 2923 826 3004 nutrit,
858 2923 938 3009 quin
961 2923 994 2986 in
1017 2918 1075 2985 illo
1098 2939 1168 2984 non

169 3018 313 3108 culpem,
336 3017 395 3085 ned
418 3028 573 3084 naturam
594 3017 714 3103 diligit.
959 3025 960 3029 ’
1017 3031 1027 3062 ’

229 3116 436 3187 Admouendi
458 3127 536 3184 eunt
558 3119 668 3196 etiam,
692 3118 753 3206 qui
768 3120 842 3206 jem
864 3141 925 3183 eun
943 3114 1166 3200 miscricordi-

168 3233 219 3285 ter
251 3217 461 3301 largiuntur,
496 3227 533 3282 ut
562 3215 703 3282 sollicite
735 3217 903 3282 custodire
926 3217 1098 3296 studeant,
1121 3237 1167 3280 ne
1265 3219 1266 3224 ’

167 3338 245 3382 cum
265 3317 438 3382 commissa
459 3314 830 3404 pcccatneleemosynie
854 3317 1031 3395 redimunt,
1057 3311 1172 3379 adhuc

172 3461 461 3480 W

201 3556 221 3618 ¹)
239 3557 265 3608 r.
284 3553 343 3608 cor.
362 3550 385 3618 8,
415 3549 455 3605 13.
477 3548 517 3604 u.
542 3578 575 3588 κ
602 3548 626 3617 ²)
645 3531 708 3604 ule.
726 3549 751 3615 c,
770 3547 813 3604 co.
840 3576 873 3587 -
893 3543 913 3634 ff)
931 3541 1017 3634 neu:¹
1032 3543 1072 3608 η,
1091 3542 1118 3598 r.
1136 3571 1169 3584 .-

238 3638 263 3708 ⁴)
281 3640 342 3694 Tob.
360 3637 385 3704 l,
404 3638 445 3689 ll.
