2554 4172
497 152 722 218 -119-

106 334 271 408 erumpat.
314 319 402 392 Hine
421 321 628 392 seminentur
650 317 792 400 stimuli,
820 317 973 386 oriuntur
996 317 1105 402 rixae,

104 421 337 502 accenduntur
366 419 460 496 faces
487 419 659 501 odiorum,
687 439 762 504 pax
795 417 1004 502 extinguitur
1036 439 1106 488 eon

105 522 209 600 dium.
240 516 340 598 Unde
355 519 441 586 bene
463 541 525 606 per
545 517 759 592 Salomonem
780 516 917 589 dicitur:
949 515 1105 597 Quizut

107 619 240 698 mittit
259 639 422 704 squam,
446 627 571 704 caput
593 617 908 704 eatJurgiorum.
923 613 951 702 ¹)
971 617 1104 704 Aquam

93 720 236 806 quippe
259 717 425 789 dimittere
447 725 499 784 est
518 715 667 800 linguam
693 717 729 782 in
750 716 879 784 fluxum
903 717 1030 804 eloquii
1052 708 1105 788 ra}

41 835 44 839 ·
106 818 235 882 laxare.
280 816 355 896 Quo
377 826 493 882 contra
514 816 549 878 in
573 814 664 882 bona
685 817 785 882 etiam
806 827 903 904 parte
923 817 1043 882 iterum
1056 817 1105 881 di·

105 918 208 982 citur:
237 915 358 1001 Aqua
387 913 757 1002 profunda'venba
787 939 834 981 ex
863 937 937 981 ore
960 917 1052 981 viri.
1076 913 1104 1002 ²)

110 1017 177 1097 Qui
201 1037 280 1101 ergo
305 1014 440 1082 dimittit
455 1037 596 1102 aquam,
620 1025 722 1100 caput
737 1025 787 1080 est
798 1016 1001 1103 jurgiorum
1025 1015 1106 1103 quia

109 1117 166 1204 qui
178 1116 328 1200 linguam
341 1137 406 1179 non
419 1113 579 1195 refrenat,
601 1113 813 1180 concordiam
825 1112 979 1202 dissipat.
1006 1115 1106 1182 Unde

107 1215 284 1281 ediverso
308 1214 555 1298 scriptumest:
591 1213 671 1294 Qui
694 1215 872 1300 imponit
895 1211 1030 1280 stulto
1054 1215 1105 1290 si-

8 1329 9 1332 ’
106 1309 662 1400 lentium.irasmitigat.³)
707 1311 805 1392 Quod
828 1323 940 1378 autem
961 1311 1106 1387 multllo·

107 1414 222 1500 loquio
245 1413 388 1502 quisque
411 1415 559 1478 serviens
576 1411 605 1497 “)
628 1412 860 1478 rectitudinem
877 1413 1033 1499 justitiae
1056 1423 1105 1479 te-

105 1535 186 1582 nere
209 1533 424 1602 nequaquam
447 1513 568 1601 possit,
592 1521 736 1602 testatur
757 1513 939 1600 propheta,
964 1513 1022 1600 qui
1044 1513 1110 1578 ait:

106 1613 182 1678 Vir
214 1612 453 1700 linguosus
485 1635 570 1678 non
603 1611 822 1698 dirigetur
857 1635 988 1700 super
1023 1623 1106 1678 ter·

105 1735 202 1780 rani.
225 1709 253 1794 ⁵)
302 1711 392 1777 Hinc
426 1733 559 1801 quoque
591 1711 748 1777 Salomon
776 1711 895 1775 iterum
931 1706 1028 1777 dicit:
1058 1709 1105 1778 In

106 1809 392 1896 multiloquio
412 1809 658 1876 nondeerit
688 1822 923 1897 peccatum.
944 1811 971 1898 ⁰)
1016 1807 1106 1876 Hine

108 1909 219 1992 Isaiae
241 1907 305 1972 ait:
336 1906 485 1974 Cultus
503 1910 713 1994 justitiae
737 1909 956 1974 silentium
978 1907 1023 1996 ⁷),
1056 1910 1106 1976 vi·

109 2005 230 2070 delicet
239 2004 403 2086 indicans,
417 2006 496 2091 quia
506 2010 626 2072 mentis
630 2009 766 2094 justitia
778 2006 954 2086 desolatur,
970 2007 1105 2095 quando

107 2104 151 2170 ab
174 2102 389 2169 immoderata
415 2104 581 2170 locutione
608 2129 674 2171 non
695 2106 853 2192 parcitur.
874 2109 875 2114 ’
896 2107 984 2170 Hinc
1007 2107 1106 2172 Jaco-

106 2204 241 2268 buaait:
264 2203 408 2292 Siquis
430 2213 555 2290 putat
577 2204 1003 2290 sereligiosumesse,
1024 2225 1106 2270 non
1145 2219 1147 2225 '

106 2303 335 2369 refrenans
356 2303 541 2388 li‘n'guam
565 2327 690 2388 suam,
714 2303 785 2370 sed
808 2305 1009 2370 seducens
1032 2325 1106 2371 eor

108 2425 236 2483 suum,
270 2401 399 2488 hujus
429 2422 536 2469 vana
566 2417 629 2472 est
659 2405 826 2489 religio.
851 2403 878 2491 8)
922 2403 1011 2468 Hinc
1033 2427 1105 2469 rnr-

108 2511 180 2568 sum
203 2503 265 2566 ait:
298 2500 363 2566 Sit
392 2505 524 2569 omnis
555 2502 672 2569 homo
705 2505 828 2570 velox
863 2503 912 2569 ad
934 2505 1105 2570 audien·

50 2587 52 2592 ¹
106 2599 215 2682 dum,
248 2583 558 2667 terddsautem
583 2603 633 2668 ad
661 2603 924 2689 loquendum.
949 2603 976 2690 ⁹)
1016 2601 1106 2668 Hinc
1153 2587 1155 2596 ¹

106 2703 244 2782 iterum,
268 2701 404 2786 linguae
426 2703 492 2766 vim
515 2701 693 2783 definiens,
717 2703 893 2791 adjungit:
930 2703 1105 2788 Inquie-

106 2811 188 2864 tum
222 2800 394 2882 malum,
437 2799 568 2888 plena
600 2814 769 2877 veneno
800 2801 1038 2866 mortifero.
1062 2797 1106 2883 ¹⁰)

107 2897 196 2962 Hinc
223 2922 283 2984 per
312 2900 524 2986 semetipsam
574 2921 635 2966 nos
667 2900 814 2982 Veritas¹
838 2899 1010 2979 admonet,
1056 2893 1104 2961 di·

107 3015 201 3060 oens:
245 2994 373 3062 Omne
403 2998 575 3065 verbum
606 2999 795 3078 otiosum,
832 2995 939 3084 quod
972 2996 1106 3062 locuti

106 3095 267 3160 fuerint
289 3093 491 3181 homines,
514 3095 691 3162 reddent
713 3095 759 3159 de
782 3115 823 3160 eo
839 3095 1046 3160 rationem
1062 3095 1105 3161 in

143 3267 162 3324 ¹)
181 3263 258 3316 Prou
279 3261 320 3327 17,
340 3263 380 3318 14.
401 3294 432 3304 -
461 3265 481 3328 ²)
499 3267 576 3320 Pron.
595 3264 639 3330 18,
658 3265 683 3318 i.
703 3291 732 3304 ·-
763 3263 783 3325 ⁸)
801 3267 877 3318 Pror.
896 3265 943 3331 26,
962 3266 1004 3321 to.
1025 3293 1055 3306 *-
1082 3262 1106 3328 ⁴>

176 3349 241 3402 Alit.
260 3348 395 3414 serviens,
415 3350 533 3418 linguam
553 3349 659 3404 frenare
674 3351 831 3418 nequiverim
862 3352 961 3406 accidet
979 3358 1007 3404 nt
1023 3351 1104 3405 recti·

136 3495 138 3498 ,
175 3435 289 3498 tudinem
307 3439 355 3489 ate.
373 3461 407 3474 -
444 3431 716 3503 ὅ)Ρε.139,12.’-·
754 3434 777 3505 ⁶)
795 3437 872 3492 Prov.
892 3437 934 3502 10,
954 3437 995 3504 19.
1014 3465 1046 3476 -
1084 3434 1104 3500 ⁷)

173 3519 409 3589 1su.32,17.--
443 3519 726 3594 ⁸]Jacot1‚26.-.-
753 3519 991 3592 ⁹)Jeeob.1‚19.
1012 3549 1044 3564 -
1072 3522 1106 3589 “l

172 3607 263 3665 Jacob.
282 3606 307 3676 3,
325 3605 352 3676 8„
547 3633 553 3648 =
945 3642 946 3646 =
