2554 4172
552 92 674 180 482
716 151 754 164 ..

155 294 257 352 tros.
274 281 301 365 ¹)
343 277 400 344 Illi
430 279 576 361 discent,
611 279 773 366 quomodo
799 291 878 346 onte
905 281 1027 348 occulti
1058 283 1152 350 sebia
1270 267 1271 282 ¹

154 384 198 450 tri
220 381 329 450 oculos
352 403 414 447 sue
448 379 608 446 interiora
631 387 847 466 component,
880 381 952 463 isti,
984 383 1147 470 quomodo
1270 381 1271 431 ἰ

154 483 255 548 etiem
273 481 453 546 commissis
477 478 541 543 sibi
564 478 719 566 exemplo
734 477 819 545 bene
841 479 977 547 vivendi
997 485 1147 552 exterius

153 578 349 668 praebeant

216 681 309 746 Scire
339 679 459 746 etenim
480 677 623 765 praelati
651 677 792 763 debent,
822 682 953 768 quiesi
983 706 1149 769 perverse·

152 801 310 868 umquam
330 785 542 866 perpetrent,
570 787 620 844 tot
640 777 802 846 mortibus
823 779 917 866 digni
939 794 1033 864 sunt,
1064 795 1148 870 quot

152 881 196 948 ed
218 881 369 948 subditos
391 900 469 945 suos
496 877 696 965 perditionis
725 879 880 967 exempla
907 883 1143 950 transmittunt

151 981 250 1050 Unde
260 1002 397 1048 necesse
421 988 482 1062 eet,
505 987 542 1044 ut
557 988 649 1045 tanto
671 1001 706 1043 se
727 982 859 1046 cautius
877 979 1009 1067 sculpo
1032 993 1143 1050 custo·

151 1079 264 1165 dient,
293 1090 418 1168 quanto
448 1101 507 1166 per
536 1100 664 1166 prava,
697 1100 784 1165 quae
804 1078 951 1162 faciunt,
981 1103 1047 1146 non
1077 1081 1141 1148 soli

149 1183 346 1263 moriuntur,
370 1177 428 1246 sed
451 1177 591 1244 eliorum
611 1177 818 1260 animarum,
843 1201 926 1266 ques
948 1181 1061 1266 pravis
1082 1203 1142 1246 ex·

149 1280 265 1367 emplis
277 1279 526 1358 destruxerunt,
550 1277 602 1342 rei
613 1286 700 1343 sunt
743 1275 843 1343 Unde
855 1277 1052 1344 admonendi
1064 1291 1146 1348 sunt
1270 1351 1271 1386 ,

147 1379 208 1462 illi,
230 1401 273 1446 ne
295 1378 477 1444 districtius
498 1378 692 1464 puniantur,
715 1378 743 1441 si
761 1375 908 1444 absoluti
921 1379 1061 1464 reperiri
1081 1402 1141 1444 ne·

149 1479 316 1568 quiverint
337 1477 453 1543 saltem
474 1474 515 1540 de
541 1497 592 1558 se3
621 1476 695 1558 isti,
724 1497 767 1541 ne
788 1474 830 1540 de
859 1476 1067 1542 subditorum
1088 1499 1141 1546 er-

145 1577 275 1644 ratibus
301 1577 512 1665 judicentur,
548 1575 684 1647 etiamsi
707 1596 742 1639 se
766 1576 839 1661 jem
868 1574 909 1639 de
940 1595 975 1640 sc
1005 1595 1141 1645 securos

145 1679 329 1744 inveniunt.
372 1674 443 1758 Illi,
464 1683 503 1740 ut
523 1681 619 1740 tanto
640 1675 729 1740 circe
758 1695 794 1739 se
817 1672 988 1740 sollicitius
1010 1674 1140 1761 vivent,

145 1786 270 1865 quanto
292 1797 348 1841 eos
370 1773 481 1840 alieno
502 1795 582 1839 cure
610 1795 678 1839 non
703 1773 868 1858 implicet3
898 1773 955 1839 isti
975 1795 1071 1854 vero,
1101 1785 1144 1842 ut

144 1879 193 1944 sic
214 1876 358 1942 eliorum
380 1895 478 1941 cures
501 1872 673 1960 expleant,
696 1883 860 1960 quatenus
879 1882 913 1937 et
936 1895 1015 1939 sues
1037 1895 1146 1960 agere-

142 1999 209 2045 non
231 1972 406 2058 desistent,
430 1974 523 2056 etsie
535 1973 716 2060 inproprie
729 1971 949 2040 sollicitudine
971 1971 1138 2056 ferveant,

142 2084 180 2142 ut
201 2099 222 2142 e
244 2075 489 2142 commissorum
511 2071 662 2139 custodie
683 2073 818 2139 minime
843 2080 1042 2160 torpescent.
1083 2069 1136 2136 Illi

142 2177 230 2242 enim
252 2175 385 2241 sibimet
396 2174 536 2240 vacanti
549 2171 687 2238 dicitnr:
708 2171 822 2238 Vade
844 2172 893 2239 ed
914 2171 1129 2250 formicam,¹

142 2277 320 2365 epiger‚
353 2283 396 2338 et
420 2270 650 2338 considere
679 2272 772 2336 vies
804 2271 916 2358 ejus,
947 2281 985 2336 et
1014 2269 1130 2334 disce

142 2373 403 2462 sapientiem.
416 2371 443 2455 ²)
487 2369 555 2434 Iste
577 2378 689 2435 eutem
704 2367 902 2437 terribiliter
924 2370 1132 2452 admonetur,

140 2494 216 2540 cum
237 2471 374 2536 dicitur:
397 2468 483 2536 Fili
503 2469 573 2550 mi,
599 2470 633 2533 si
655 2467 928 2555 spoponderis
950 2491 1019 2556 pro
1041 2469 1134 2534 emi·

140 2594 188 2638 co
210 2580 298 2652 tuo,
322 2567 544 2634 defixisti
567 2566 679 2654 opud
700 2578 951 2635 extraneum
972 2589 1135 2635 manum

139 2682 269 2754 tuem,
292 2679 331 2734 et
354 2667 626 2756 illaqueatus
648 2689 691 2732 cs
712 2668 860 2734 verbis
884 2670 970 2736 oris
991 2670 1074 2752 tui,
1095 2677 1135 2734 et

140 2779 295 2856 captus
318 2767 500 2856 propriis
525 2765 795 2833 sermonibus.
811 2764 837 2854 3)
861 2767 1134 2857 Sponderenem·

139 2892 204 2958 que
226 2889 285 2954 pro
309 2869 415 2934 emico
439 2867 646 2933 estelienam
668 2868 811 2932 animem
832 2867 1027 2956 inpericulo
1050 2890 1133 2935 suee

137 2967 405 3036 conversationis
433 2968 596 3055 occipere.
640 2965 739 3033 Unde
766 2975 799 3032 et
821 2966 911 3054 apud
934 2977 1133 3038 extraneum

137 3064 429 3152 menuedefigitur,
454 3067 533 3154 quie
542 3064 634 3156 apud
645 3088 759 3132 curem
774 3067 1018 3150 sollicitudinis,
1042 3089 1130 3155 quae

137 3176 216 3235 ente
244 3165 376 3250 deerat,
403 3188 496 3232 mens
523 3165 661 3251 ligetur.
714 3166 836 3232 Verbis
868 3188 948 3234 vero
980 3169 1049 3233 oris
1077 3169 1132 3234 sui

137 3265 342 3357 illaqueatus
364 3275 425 3346 est,
448 3285 488 3331 ee
508 3267 654 3352 propriis
676 3265 883 3333 sermonibus
895 3276 1027 3354 ceptus,
1050 3267 1132 3354 quie

137 3367 215 3433 dum
237 3365 420 3458 commissis
433 3362 498 3430 sibi
512 3365 640 3450 cogitur
662 3363 891 3449 benedicere,
913 3367 1130 3454 ipsumprius
1156 3443 1157 3446 Ἴ
1268 3389 1269 3408 ³

172 3583 192 3653 ι)
210 3548 311 3639 otius.
327 3583 352 3654 e,
370 3585 420 3659 eo.⁴
431 3582 474 3665 rs.
497 3612 530 3622 -
549 3581 569 3649 ²)
587 3583 662 3637 nov.
680 3583 705 3676 e,
723 3585 749 3644 e.
768 3587 798 3624 -’
819 3581 843 3655 ¹)
863 3585 939 3643 nov.
955 3583 980 3652 e,
1000 3585 1023 3637 1.
1132 3580 1135 3588 ·

966 3818 975 3888 l
