2554 4172
488 271 525 284 --
570 226 641 301 139ι
675 273 714 285 -

100 389 155 466 lie
183 399 374 486 largitatem
403 400 540 466 tristitie
581 400 789 486 corrumpti,
841 399 981 466 audiant
1017 399 1111 487 qnod·

100 500 268 585 seriptum
290 505 355 564 est:
385 497 574 564 Hilarem
602 501 709 564 enim
739 497 929 564 datorem
951 497 1113 584 diligit?

98 598 229 664 Deus.
247 596 273 685 ²)
315 598 365 662 Ne
387 616 432 661 ex
454 599 602 684 impenso
623 615 760 664 munere
782 599 1006 664 transitoriam
1028 595 1112 663 lau:

101 695 181 762 dem
204 707 379 783 quaerant,
398 696 539 762 audient
561 697 649 783 q'uod
668 699 905 784 scriptumest:
930 697 1112 765 Nesciat·

101 796 283 861 sinistre
304 805 395 878 tua,
420 795 520 880 quid
541 795 677 860 faeiat
699 797 877 861 dextera
901 805 985 866 tua.
1001 798 1028 880 2)
1060 795 1111 862 ld·

104 903 169 975 est,
192 895 268 980 pies
297 892 539 980 dispensationi
566 915 780 982 nequaquem
815 917 850 959 se
873 895 981 979 gloria
1011 896 1103 961 vites

103 996 296 1078 proesentis
319 995 517 1072 admisceat,
550 993 607 1059 sed
633 1017 718 1078 opus
739 994 950 1061 rectitudinis
973 994 1112 1082 appeti·-

99 1092 225 1158 tionem
239 1092 266 1179 3)
290 1093 423 1177 ignoret
445 1092 578 1157 favoris
623 1093 674 1158 Ne
701 1095 873 1180 impensae
903 1093 1034 1178 gratiae
1055 1095 1103 1158 vi·

96 1191 333 1256 eissitudinem
355 1192 541 1277 requirant,
565 1193 717 1274 audient,
747 1193 834 1279 quod
857 1196 1014 1279 scripturn
1038 1203 1109 1257 est:-

102 1288 343 1356 Oumfaeis
365 1290 591 1375 prandium
615 1302 686 1356 eut
709 1313 904 1374 coenem,
926 1292 1018 1358 noli
1040 1299 1111 1357 vo·v

99 1411 204 1454 cere
228 1390 522 1470 nmioostuoS,
546 1412 685 1476 neque
707 1391 878 1456 fratres
902 1403 1014 1473 tuos,
1038 1413 1102 1456 ne·

103 1509 182 1572 que
215 1500 442 1572 cognatos,
476 1511 616 1576 neque
644 1492 812 1557 vicinos
841 1491 1021 1574 divitee3
1054 1515 1103 1556 ne

99 1586 216 1652 forte
245 1600 287 1652 et
316 1589 402 1674 ipsi
431 1597 474 1650 te
509 1591 799 1671 reinvitent,
836 1603 876 1655 et
908 1591 993 1655 fiat
1022 1589 1104 1655 tibi

98 1686 345 1752 retributio:
368 1686 448 1752 sed
470 1709 552 1751 oum
575 1689 684 1753 facis
708 1689 967 1770 convivium,
992 1711 1103 1756 voee

100 1807 347 1872 pauperes,
383 1784 579 1866 debiles,
609 1786 825 1870 claudos,
853 1809 1031 1869 caecos3
1061 1798 1103 1853 ot

100 1881 278 1946 beatus
307 1883 419 1962 eris,
452 1884 549 1968 quia
579 1909 662 1950 non
692 1885 879 1968 hebent,
908 1885 1012 1952 unde
1042 1909 1102 1952 re·

101 1977 297 2046 tribuere
315 1985 345 2064 ⁴)
369 1981 466 2070 tibi.
485 1982 511 2066 ⁵⁰)
557 1983 605 2046 Ne
631 2006 717 2069 quae
740 1986 934 2070 praebenda
958 1997 1035 2052 sunt
1057 1991 1118 2064 ei·,

101 2079 190 2158 tius,
216 2101 289 2145 sero
312 2078 542 2166 praebeantur
550 2129 559 2160 ,
587 2083 726 2146 audiant
750 2083 837 2168 quod
857 2086 1014 2170 seriptum
1039 2095 1106 2150 est:

105 2177 163 2242 Ne
186 2175 307 2244 dieas
331 2181 462 2243 arnico
484 2189 569 2244 tuo:
591 2181 710 2244 Vade
735 2194 774 2245 et
795 2193 1036 2265 revertere,
1059 2195 1099 2248 et

104 2299 199 2342 eras
221 2276 329 2343 dabo
357 2277 456 2361 tibi,
479 2299 572 2342 oum
603 2281 742 2344 stetim
766 2283 922 2366 possis
946 2279 1097 2368 dere.⁰)

105 2373 156 2438 lle
179 2375 241 2440 sub
263 2375 400 2442 obtentu
423 2377 589 2461 largitatis
606 2400 664 2458 -ea,
689 2401 775 2465 quae
789 2380 972 2467 possident,
998 2381 1097 2464 inuti·

105 2473 181 2539 liter
205 2488 384 2561 spargent,
409 2475 548 2542 audiant
572 2477 661 2563 quod
684 2480 841 2565 seriptum
865 2488 933 2544 est:
967 2479 1097 2544 nudet

106 2572 371 2661 eleemosyna
394 2575 437 2640 in
461 2596 581 2640 manu
604 2586 689 2640 tun.
705 2577 745 2664 ⁷)x
766 2576 815 2642 Ne
828 2601 901 2642 eum
917 2576 1019 2643 multa
1039 2599 1096 2641 ne·

103 2691 196 2738 oense
219 2674 296 2754 sint,
321 2674 647 2760 pauoalargientur,
671 2675 811 2742 audiant
833 2677 919 2762 quod
936 2679 1106 2763 seriptum·

104 2781 170 2836 est:
201 2771 287 2852 Qui
316 2793 444 2861 paros
475 2776 670 2855 seminet,
701 2795 826 2860 poree
849 2785 893 2841 et
915 2773 1105 2860 metet.⁸)‘

106 2869 157 2933 Ne
177 2893 249 2935 curn
272 2895 380 2959 pauca
404 2881 553 2959 oportet,
576 2870 723 2958 plurima
746 2875 948 2960 praebeant,
978 2884 1011 2938 et
1031 2874 1105 2958 ipsi

106 2968 308 3054 postmodnm
330 2973 462 3035 minime
486 2973 632 3056 inopiam
649 2971 832 3036 tolerantes
855 2974 898 3037 nd
921 2971 1095 3057 impetien-

106 3065 187 3129 tiem
219 3081 408 3155 erumpent,
447 3070 586 3137 audient
608 3069 697 3154 quod
719 3070 876 3154 seriptum
905 3079 969 3134 est:
1009 3068 1116 3135 Non'·
1148 3091 1150 3096 ·

105 3162 282 3230 utaliis
312 3169 366 3232 sit
391 3171 637 3246 remissio,
667 3166 790 3232 vobis
812 3176 947 3232 entem
970 3165 1094 3232 tribu-

106 3261 234 3344 latio,
264 3263 332 3328 sed
359 3287 407 3330 ex
436 3266 670 3352 aequalits,
702 3277 846 3330 restra
876 3263 1103 3330 abendon-⁴

132 3439 155 3507 ¹)
179 3442 204 3494 2.
231 3439 291 3494 Gor.
315 3441 340 3505 9,
366 3443 389 3494 7.
416 3469 449 3482 -
477 3441 501 3508 ¹)
520 3443 609 3496 llattln
635 3442 660 3508 6,
682 3442 707 3494 3.
734 3473 765 3481 —
793 3441 813 3510 ⁸)
831 3443 894 3496 Alit.
912 3443 1044 3512 appetitio.
1063 3471 1100 3508 -,

173 3523 194 3586 ⁴)
212 3525 276 3578 Alit.
293 3526 443 3580 retribuent.
463 3554 492 3563 —
514 3525 537 3594 ⁸)
553 3526 615 3579 Lus
635 3527 680 3595 14,
700 3529 740 3580 12
760 3555 790 3568 -
810 3526 832 3596 ⁶)
849 3529 925 3582 Prov.
944 3529 977 3596 3,
1000 3527 1042 3580 28.
1063 3557 1092 3567 -

173 3611 196 3679 ⁷)
214 3611 265 3665 Ubi
281 3611 330 3666 hoe
347 3611 382 3665 ult
398 3610 536 3680 seriptum,
563 3615 590 3665 in
607 3613 681 3667 nolle
703 3615 814 3685 editione
838 3603 1096 3668 invenitnr'indiee·

171 3696 531 3766 tun.-')2.00r.9,n
