2554 4172
549 197 776 265 -130-

162 353 282 451 Reque
302 359 392 426 enim
418 357 531 450 Moysi
555 372 697 428 mentem
718 360 911 446 ignorantia
939 361 1072 429 iIInerle
1099 369 1161 429 anL

161 455 335 550 uetabat,
370 479 470 550 quem
497 471 530 525 et
558 456 604 525 ad
624 456 821 547 prophetiae
848 457 1022 526 seientiam
1044 461 1160 546 cogni-

160 561 208 627 tio
240 555 430 626 divinitatis
457 555 678 645 expanderat,
711 578 810 643 quem
838 555 989 624 columna
1011 559 1161 626 exterius

160 651 335 748 praeibat,
358 681 456 750 quem
478 655 519 722 de
540 659 669 724 cunetis
689 645 831 724 interius
852 678 914 744 per
934 659 1160 726 conversatio*

160 775 238 824 nem
259 780 336 826 eum
356 757 430 824 Deo
453 753 599 822 sedulam
621 753 746 822 loeutio
765 754 941 822 femiIiaris
960 755 1160 824 instruebat.

161 849 231 924 Sed
249 855 407 925 videlieet
427 857 479 921 vir
499 854 661 941 providus
683 853 769 921 elato
791 853 934 921 auditori
951 854 1159 942 colloquens,

161 956 322 1026 solatium
341 955 462 1044 petivit
488 962 526 1018 ut
548 950 662 1036 daret,
692 953 810 1020 dueem
830 953 1025 1042 requirebat
1036 958 1071 1021 in
1088 956 1160 1040 via,

161 1067 202 1124 ut
223 1055 293 1144 dux
313 1055 344 1121 ei
364 1053 439 1119 fieri
460 1055 627 1136 potuisset
648 1053 691 1119 ad
712 1056 826 1120 vitam.
869 1054 948 1138 Egit
968 1056 1098 1144 itaque,
1120 1065 1162 1123 ut

163 1155 329 1244 superbus
350 1151 483 1220 auditor
504 1153 580 1220 roei
604 1153 648 1218 ad
669 1151 806 1220 meliora
823 1151 981 1220 suadenti
996 1177 1036 1222 eo
1051 1158 1161 1241 magis

161 1253 257 1322 tieret
276 1253 415 1318 devotus
425 1298 435 1332 ,
462 1273 528 1338 quo
550 1259 729 1338 putaretur
747 1253 980 1334 necessarius,
1015 1263 1048 1320 et
1069 1253 1160 1321 unde

163 1377 200 1422 se
221 1351 467 1419 exhortatorem
489 1372 586 1418 suum
606 1350 807 1439 praeoedere
829 1349 995 1436 crederet,
1022 1354 1099 1419 inde
1122 1377 1159 1420 se

161 1451 224 1519 snb
246 1448 355 1515 verbis
379 1447 588 1518 exhortantis
608 1450 797 1518 inclinaret.

472 1647 671 1716 CAPUT
703 1649 835 1718 XVIII.

219 1785 398 1854 Quomodo
423 1783 644 1837 admonendi
670 1786 888 1852 pertinuere
914 1791 948 1841 et
974 1788 1095 1842 ineon-

579 1874 737 1926 stantes.

222 1986 330 2052 Aliter
351 1984 553 2053 admonendi
578 1997 657 2053 sunt
685 1990 891 2076 pertinaces,
925 2002 1027 2079 atque
1056 1993 1159 2058 aliter

158 2089 398 2156 inconstantes.
439 2086 512 2152 Illis
533 2084 711 2154 dicendum
734 2097 802 2175 est,
831 2090 921 2179 quod
942 2090 1021 2177 plus
1043 2091 1084 2156 de
1106 2114 1157 2174 se,

160 2209 261 2276 quam
282 2196 378 2269 sunt,
402 2189 566 2269 sentiunt,
589 2197 622 2253 et
643 2187 767 2254 ideireo
781 2187 901 2255 alienis
920 2189 1070 2253 consiliis
1085 2210 1155 2253 non

158 2285 392 2374 aequiescunt3
413 2288 488 2352 istis
509 2278 589 2354 vero
609 2289 829 2354 intimandum
850 2295 916 2364 est,
946 2283 1034 2369 quod
1054 2282 1154 2348 valde

159 2409 195 2454 se
218 2382 441 2473 despicientes
462 2387 659 2474 negligunt,
682 2395 715 2450 et
736 2382 811 2449 ideo
828 2381 962 2445 levitate
978 2381 1152 2465 cogitatio·

157 2509 238 2554 uum
260 2510 281 2554 s
304 2509 363 2552 suo
381 2485 510 2573 judicio
532 2509 593 2574 per
614 2493 797 2567 temporum
825 2488 991 2546 momenta
1013 2480 1153 2546 fleetun-

163 2643 443 2664 m--Q

228 2715 293 2766 inm
311 2713 417 2780 Hobab,
444 2719 497 2765 tum
516 2710 573 2778 ejus
596 2707 706 2773 tratres,
730 2705 826 2776 reliqui
842 2709 975 2762 Jethronie
999 2709 1063 2775 filii,
1087 2726 1153 2780 quos

227 2802 336 2868 Moyses
354 2799 388 2854 38
405 2797 482 2849 aunis
499 2797 572 2862 post,
598 2808 657 2844 eum
683 2793 851 2855 essetndendi
875 2801 963 2848 essent
989 2797 1155 2866 Matienius,

228 2871 288 2938 inde
306 2883 422 2944 vocavit,
440 2895 498 2930 cum
512 2876 639 2930 Hebraeis
654 2878 835 2947 promissionis
846 2884 941 2934 terram
953 2881 1069 2948 ingressi
1084 2889 1154 2953 sunt,

228 2969 386 3024 vocabantur
404 2963 494 3016 Cinaei
513 2963 607 3028 (Judie.
625 2965 649 3030 1,
669 2965 720 3029 16.)
739 2980 755 3016 a
773 2967 925 3035 eognomtne
941 2969 1089 3033 Jethronie,
1106 2972 1155 3038 qui

228 3058 253 3108 et
271 3055 384 3108 olnaeus
400 3048 589 3107 nominabatur.
624 3053 659 3104 Et
676 3051 712 3104 -hi
733 3052 799 3105 iuter
821 3052 936 3105 iudaeos
962 3054 1048 3107 sedem
1074 3053 1153 3106 fixam

76 3131 114 3210 Ἰ
228 3139 375 3193 habuerunt
391 3147 444 3186 non
469 3139 520 3188 tam
538 3135 566 3188 iu
584 3137 719 3204 domibus,
747 3151 825 3204 quam
849 3137 1024 3192 tabernaculis
1040 3155 1073 3193 ae
1098 3138 1154 3194 iere

227 3226 254 3277 in
271 3220 397 3274 solitariis
413 3219 491 3288 loeis,
519 3221 665 3292 compium
683 3223 884 3291 religiosamque
902 3225 981 3278 vitam
1003 3231 1118 3295 agerent,
1135 3241 1154 3278 a

227 3309 289 3365 vino
307 3310 333 3360 et
348 3306 412 3360 aliis
430 3306 528 3360 deliciis
546 3308 666 3363 abstemii
683 3311 873 3378 continuaeque
891 3310 960 3377 legis
977 3313 1081 3366 divinae
1095 3327 1153 3368 me-

228 3393 347 3447 ditationi
373 3397 399 3446 et
421 3393 630 3462 contemplationi
654 3395 741 3448 dediti.
768 3396 829 3460 (Jer.
848 3395 896 3463 35,
914 3395 1008 3451 5-11.
1042 3395 1085 3450 Ab
1102 3399 1154 3451 hoo

228 3480 332 3549 Ilobab‚
359 3482 417 3534 viro
435 3479 478 3548 pio
496 3484 521 3533 et
538 3486 639 3548 mnes,
667 3481 714 3548 qui
736 3481 895 3536 Essenorum
913 3487 988 3537 autor
1010 3489 1036 3538 et
1056 3495 1153 3554 parens

228 3567 333 3634 dicitur,
359 3566 429 3620 vitre
447 3565 605 3620 monasticae
622 3566 727 3620 initium
743 3567 777 3620 ad
795 3567 960 3622 Christianos
977 3584 1062 3638 usque
1079 3570 1152 3624 deri-

228 3658 304 3708 vatae
320 3652 453 3723 repetitur.
489 3650 543 3707 Gir.
561 3652 643 3707 {lirini
661 3653 788 3722 expositio
804 3654 833 3707 in
849 3655 924 3708 Num.
943 3655 984 3724 10,
1004 3655 1048 3712 29.

510 3811 519 3844 ι
626 3809 641 3830 ἱ
