2520 4152
556 164 795 230 ..m-m

457 361 695 431 CAPUT
732 361 878 428 XXXV.

169 501 344 569 Quomodo
362 497 581 566 admonendi,
601 497 659 565 qui
678 495 764 549 mala
784 497 883 560 olam,
903 501 933 548 et
952 495 1037 548 bona
1056 472 1175 594 palum

388 583 550 650 faciunt;
573 599 610 636 ac
636 583 695 650 qui
721 595 828 634 veroa
856 581 942 636 vico
986 651 989 660 Ι

193 763 197 774 ·
238 677 348 786 Aliteu
368 716 569 788 admouendi
591 726 686 798 suut,
711 717 770 802 qui
792 716 882 785 mala
904 715 1032 787 occulte
1054 680 1177 801 egilolt,

176 817 310 886 etbooa
327 817 479 905 publioe;
500 826 602 902 atque
621 815 732 898 aliter,
755 817 813 902 qui
829 815 916 882 bona
940 837 1027 902 quae
1042 816 1178 896 faeiuut

176 914 394 998 abscondunt,
417 926 572 981 ettamen
594 913 794 1001 quibusdam
809 915 907 982 laetis
926 913 1061 1001 publice
1084 917 1176 982 mala

176 1015 217 1094 de
247 1039 284 1082 ee
314 1016 446 1102 opinari
474 1015 679 1099 permittunt.
720 1013 932 1082 Admoueudi
962 1014 1048 1078 enim
1078 1025 1174 1096 sunt,

176 1117 235 1204 qui
256 1114 342 1182 mala
357 1113 485 1180 oeoulte
506 1124 627 1198 agunt,
647 1123 683 1180 et
702 1112 793 1181 bona
813 1113 950 1201 publice
970 1123 1007 1178 ut
1028 1126 1178 1196 pensent

175 1216 322 1292 humana
344 1211 473 1300 judicia
505 1222 632 1298 quanta
662 1211 842 1311 velocitate
869 1213 1022 1295 evolant,
1053 1211 1176 1280 divina

176 1323 286 1384 eutem
309 1322 436 1398 quauta
465 1311 692 1378 immobilitate
723 1312 918 1398 perdurant
959 1312 1176 1385 Admouendi

176 1423 264 1493 eunt,
287 1422 324 1478 ut
342 1412 378 1476 in
400 1410 465 1476 fine
487 1431 599 1476 rerum
620 1411 741 1478 meotis
760 1410 874 1477 oeulos
888 1413 1012 1496 figant3
1035 1411 1117 1496 quia
1138 1423 1176 1478 et

174 1510 341 1581 humanae
355 1510 466 1576 laudis
489 1513 658 1578 attestatio
674 1512 846 1592 praeterit,
870 1519 904 1574 et
926 1533 1073 1598 superno
1094 1535 1173 1578 aeu-

174 1612 291 1692 teutia,
315 1631 402 1696 quae
414 1621 447 1676 et
457 1607 656 1677 abscondita
667 1620 833 1697 penetrat,
854 1609 897 1676 ad
917 1610 1170 1678 retributionem

174 1720 369 1798 perpetuam
384 1708 595 1778 couvalesoit.
636 1707 726 1776 Dum
739 1711 840 1794 igitur
855 1709 986 1778 oooulta
1007 1710 1094 1776 mala
1105 1731 1166 1776 sua

174 1808 297 1881 divinis
313 1806 465 1896 judiciis,
487 1819 578 1874 reeta
590 1819 701 1876 autem
716 1809 942 1878 euehumanio
956 1808 1063 1876 oculis
1076 1817 1168 1876 aute·

175 1916 321 1998 poauut‚
351 1918 384 1974 et
411 1909 483 1974 siue
504 1918 591 1974 teate
615 1919 665 1974 est
685 1909 830 1992 bouum,
855 1909 943 1997 quod
964 1908 1099 1996 publice
1121 1908 1172 1974 fa·

174 2007 287 2090 ciunt,
309 2020 343 2074 et
361 2031 429 2074 uon
452 2008 523 2074 eine
545 2019 685 2075 aeterno
706 2020 792 2076 teate
815 2021 882 2092 eet,
915 2007 1004 2095 quod
1025 2008 1176 2083 latenter

175 2104 385 2192 delinquunt.
429 2106 555 2193 Calpas
576 2109 692 2194 itaque
715 2132 794 2174 auae
816 2107 1011 2174 occultando
1033 2107 1187 2172 homiui-'

174 2205 250 2288 bus,
273 2208 482 2292 virtutesque
506 2207 679 2294 pandendo
709 2217 742 2274 et
762 2207 851 2274 unde
872 2207 997 2292 puniri
1012 2205 1177 2289 debeant,

173 2305 418 2400 abscondentes
433 2304 605 2393 detegunt,
629 2316 661 2370 et
674 2305 762 2370 unde
779 2303 981 2371 remunerari
1003 2311 1177 2388 poterant,

174 2406 369 2490 detegentes
398 2403 615 2474 abscondunt.
661 2405 753 2482 Quos
780 2411 870 2466 reete
899 2398 1057 2486 sepulcra
1079 2398 1175 2468 deal·

176 2504 257 2571 bata
280 2507 433 2591 speciosa
445 2508 604 2584 exterius,
629 2500 688 2566 sed
702 2509 903 2578 mortuorum
915 2497 1048 2582 ossibus
1070 2499 1175 2586 plena

175 2607 311 2680 Veritas
333 2617 442 2688 vocat,
461 2604 485 2690 ¹)
512 2605 592 2690 quio.
605 2599 758 2664 vitiorum
772 2595 883 2662 mala
874 2607 1036 2666 uutusoon
1039 2609 1183 2685 tegunt„

175 2702 331 2774 humanis
346 2727 426 2772 vero
437 2703 540 2770 oeulis
557 2697 770 2785 quorumdam
787 2695 1070 2776 demonetratione
1093 2723 1171 2788 ope·
1247 2765 1248 2772 ,

175 2828 249 2870 rum
272 2805 313 2870 de
336 2807 406 2872 solo
428 2803 508 2868 forie
524 2798 677 2886 justitiae
700 2797 807 2866 colore
829 2798 1058 2866 blandiuntur.
1100 2797 1171 2864 Ad·
1211 2881 1214 2886 Ι
1247 2829 1248 2844 ¹

176 2904 332 2982 monendi
352 2907 465 2986 itaque
492 2908 586 2979 sunt,
619 2917 662 2963 ne
692 2920 782 2985 quae
809 2910 917 2985 agunt
942 2909 1032 2966 reeta
1062 2900 1172 2987 deopi-

177 3006 280 3086 oiaut,
303 3001 361 3068 eed
381 3020 421 3062 ea
442 2996 551 3062 meriti
572 2996 722 3064 melioris
751 2999 899 3074 credaut
941 2999 1051 3066 Valde
1079 3020 1172 3066 nam·

178 3127 244 3191 que
266 3103 352 3166 bona
376 3117 437 3162 oua
467 3094 676 3184 dijudicant,
701 3099 759 3184 qui
782 3097 825 3162 ed
847 3119 959 3165 eorum
989 3097 1172 3178 mercedem

178 3204 331 3269 sufficere
358 3195 521 3264 humanos
548 3195 684 3264 favores
712 3207 843 3285 putant.
886 3197 971 3264 Cum
1004 3199 1090 3262 enim
1112 3220 1174 3286 pro

178 3313 269 3370 reoto
293 3319 393 3386 opere
414 3297 488 3367 laus
517 3298 712 3372 transitoria
735 3299 946 3386 quaeritur,
961 3307 1111 3380 aeterna
1121 3319 1173 3364 re-

177 3383 360 3486 tributioue
391 3421 447 3466 res
484 3397 587 3487 digua
617 3397 680 3466 vili
708 3398 816 3494 pretio
851 3395 1074 3470 venundatur
1118 3392 1173 3463 De

213 3610 347 3682 mauu.
365 3612 407 3682 2³,
426 3614 469 3672 ov.
