2520 4152
568 166 711 236 &nidd
752 203 796 218 —

182 335 276 427 quot
296 333 407 420 tinuit,
437 333 590 404 ultorum
617 333 709 402 teoto
752 332 923 421 Scriptum
943 335 1078 424 puppe
1109 345 1183 407 ess:

177 435 309 506 Nemo
333 436 516 502 mittens
544 455 708 502 menum
741 453 855 502 suem
887 432 939 508 ad
972 443 1181 520 aratrum,

185 544 229 602 et
248 534 507 622 respiciens
529 544 664 617 retro,
695 543 823 621 uptus
844 543 912 601 est
930 556 1066 620 regno
1085 555 1181 602 coe-

178 631 332 700 lorum.
354 634 380 720 ¹)
433 633 502 714 Qui
535 634 638 717 igitur
665 632 796 702 fortIori
823 632 939 700 studio
973 631 1182 718 intenderat,

178 743 276 802 retro
302 733 511 800 convincitur
537 734 722 820 respicere,
754 733 784 798 si
809 731 934 802 relictis
961 730 1183 821 amplioribus

177 831 280 903 bonis
302 831 347 898 ad
366 821 502 900 minime
521 842 743 920 retorquetur.

483 1029 682 1099 CAPUT
715 1031 881 1099 XXVIII.

184 1173 1185 1245 memssmmnmwwewmwwmhm

525 1265 832 1328 wwmnmme

246 1395 353 1460 Aliter
375 1394 662 1461 admonendisunt
678 1405 890 1482 peccatorum
907 1399 1018 1462 carnis
1040 1398 1183 1482 conscii,

185 1505 286 1581 etque
308 1493 407 1560 aliter
427 1493 548 1578 ignari.
590 1492 800 1560 Admonendi
826 1518 972 1582 namque
999 1503 1078 1562 sunt
1100 1517 1181 1584 pec·

184 1604 261 1663 eata
282 1596 394 1660 cernis
416 1594 558 1680 experti,
579 1603 719 1658 utmare
732 1595 852 1660 saltem
873 1605 949 1684 post
962 1594 1179 1681 naufragium

183 1703 345 1778 metuant,
366 1701 400 1758 et
419 1690 617 1779 perditionis
639 1714 721 1758 suae
747 1690 944 1760 discrimine
965 1693 1020 1761 vel
1042 1695 1174 1781 cognite

183 1793 455 1886 perhorrescant3
475 1815 518 1858 ne
542 1793 599 1879 qui
620 1793 675 1880 pie
690 1801 766 1880 post
780 1805 975 1883 perpetrate
996 1794 1085 1860 mala
1109 1815 1175 1861 eer-

183 1893 254 1960 veti
276 1899 363 1973 sunt,
386 1889 628 1977 haecimprobe
650 1893 833 1981 repetendo
844 1898 1035 1962 moriautur.
1075 1891 1180 1960 Unde

182 1991 339 2082 peccanti
367 1993 499 2057 animae
530 2002 562 2058 et
591 2015 816 2080 nnmquume
844 2004 981 2081 peccato
1012 1992 1183 2060 desinenti

185 2091 320 2158 dicitur:
342 2089 482 2159 Frons
503 2089 696 2160 mulieris
716 2096 956 2160 meretricis
977 2093 1091 2159 facte
1113 2102 1184 2160 est

183 2190 279 2276 tibi,
314 2190 502 2258 noluisti
532 2189 796 2257 erubescere.
815 2189 842 2277 2)
884 2191 1092 2257 Admonendi
1114 2191 1184 2256 ita·

184 2313 250 2380 que
272 2299 361 2374 sunt,
384 2300 423 2357 ut
444 2289 618 2373 studeant,
641 2300 806 2376 qnatenus
829 2289 857 2353 si
879 2295 1014 2373 accepta
1032 2295 1183 2352 naturae

182 2389 272 2456 bone
292 2391 426 2474 integra
437 2410 573 2455 servare
593 2389 781 2469 noluerunt,
806 2384 925 2450 saltem
941 2382 1045 2449 scissa
1065 2403 1182 2450 reser-

184 2491 283 2557 ciant
329 2489 462 2570 Quibus
483 2487 638 2554 nimirum
659 2507 795 2552 necesse
819 2493 881 2566 est,
903 2493 940 2550 ιιι
953 2481 1181 2572 perpendant,

183 2591 220 2658 in
248 2601 316 2657 tam
346 2609 466 2672 magno
493 2583 638 2650 fidelium
670 2604 807 2651 numero
837 2605 938 2672 quem
966 2584 1062 2669 multi
1083 2595 1116 2651 et
1140 2609 1179 2654 se

185 2689 335 2756 illibatos
356 2684 559 2763 custodient,
591 2691 623 2748 et
643 2680 728 2746 elios
755 2683 938 2750 ab·err0re
967 2675 1177 2752 convertant.

185 2787 276 2870 Quid
298 2807 377 2869 ergo
399 2784 456 2848 isti
485 2781 606 2846 dicturi
628 2789 723 2864 suut,
762 2784 790 2848 si
819 2783 897 2850 aliis
919 2785 955 2849 in
983 2786 1176 2870 integritate

185 2884 352 2955 stantibus
377 2882 444 2969 ipsi
468 2901 531 2945 nec
559 2890 634 2968 post
661 2880 783 2948 demna
811 2883 1041 2971 resipiscunt?
1085 2883 1179 2964 Quid

186 2986 306 3052 dicturi
327 2988 427 3064 sunt,
458 2980 487 3046 si
508 3002 582 3046 cum
603 2981 699 3047 multi
720 2990 754 3047 et
776 2981 860 3051 alios
888 3006 1000 3050 secum
1022 2982 1181 3054 deferunt

184 3085 230 3154 sd
254 3102 413 3166 regnum,
442 3077 478 3146 hi
504 3083 697 3190 expectanti
716 3081 860 3150 Domino
888 3105 951 3151 nec
979 3085 1179 3201 semetipsos

183 3181 370 3252 reducunt?
412 3180 620 3248 Admonendi
639 3155 728 3265 suit,
751 3193 790 3250 ut
802 3184 985 3271 praeterite
1001 3185 1179 3252 commisse

181 3280 395 3350 considerent
416 3292 450 3349 et
470 3283 675 3350 imminentia
707 3280 865 3349 devitent
907 3283 1007 3352 Unde
1029 3283 1092 3350 snb
1113 3284 1177 3352 Ju-

184 3379 290 3447 daeue
311 3383 424 3468 specie
452 3399 512 3469 per
537 3382 732 3471 prophetem
758 3382 924 3451 Dominus
953 3384 1152 3472 corruptis
1140 3409 1177 3452 ιιι

184 3541 467 3557 W

220 3631 239 3702 ¹)
257 3632 322 3704 Luc.
338 3631 364 3701 9,
381 3629 425 3685 ot.
442 3657 476 3670 -·
494 3628 513 3696 ²)
530 3629 582 3686 Jer.
599 3627 625 3699 3,
642 3627 668 3691 3.
