2520 4152
494 215 636 288 -ust
678 257 718 272 ..

99 393 223 456 mone
243 379 381 469 scillcet,
403 385 637 470 delectatione,
658 396 876 454 steensensu.
894 386 920 472 ¹)
963 387 1108 455 Primum

104 489 230 574 itaque
251 505 311 573 per
331 485 469 570 hostem,
493 485 675 552 seeundum
690 509 770 553 vero
793 506 853 572 per
871 507 1016 570 carnem,
1040 495 1107 554 ter,-

109 587 198 653 tium
216 605 278 674 per
290 585 440 672 spiritum
452 595 672 674 perpetratur.
705 585 888 651 Insidiator
899 587 987 650 enim
999 602 1106 673 prava

111 687 276 771 suggerit,
298 703 376 750 caro
398 707 433 751 se
455 684 670 751 delectationi
685 685 837 772 subjicit,
861 695 960 772 atque
982 685 1027 750 ad
1049 706 1106 751 ex·

109 795 254 851 tremum
276 785 415 870 spiritus
427 785 537 849 victus
552 785 773 850 delectatione
788 785 962 850 consentit
1006 782 1106 850 Unde

112 893 151 950 et
176 883 230 948 ille
259 907 397 969 serpens
419 905 528 969 prava
560 884 746 968 suggessit,
780 882 853 947 Eva
876 893 986 949 autom
1008 885 1107 968 quasi

114 987 192 1048 caro
215 1005 250 1047 se
274 981 489 1050 delectationi
510 981 673 1065 subdidit,
696 981 802 1046 Adam
824 1004 904 1047 vero
926 981 1016 1048 velut
1038 983 1105 1069 spi·

109 1082 197 1147 ritus
219 1085 433 1166 suggestione
455 1103 494 1147 ac
516 1081 735 1147 delectatione
757 1090 934 1167 superatus
953 1083 1107 1152 assensit,

109 1179 336 1264 suggestione
358 1181 471 1267 itaque
503 1191 674 1267 peccatum
703 1181 927 1264 agnoscimus,
961 1179 1105 1246 delecta·

112 1279 206 1345 tione
217 1280 392 1360 vincimur,
416 1300 578 1346 consensu
601 1277 863 1364 etiomligamur.
895 1277 1106 1346 Admonendi

113 1387 196 1442 sunt
216 1379 327 1463 igitur,
352 1379 589 1468 quinequitiae
603 1379 815 1464 cogitationis
827 1378 960 1459 deflent,
981 1387 1020 1442 ut
1041 1376 1104 1445 sol·

111 1475 204 1545 licite
219 1477 438 1563 considerent,
461 1481 497 1545 iu
519 1480 890 1566 quapecoatimensura
903 1476 1105 1561 ceciderunt,

115 1586 284 1664 quatenus
307 1579 407 1664 juxta
427 1580 544 1645 ruinae
567 1579 714 1660 modum,
743 1600 841 1664 quam
863 1579 898 1641 iu
921 1576 1105 1663 semetipsis

111 1677 279 1741 introrsus
302 1677 461 1760 sentiunt,
484 1678 583 1742 etiam
595 1699 751 1743 mensura
771 1675 1019 1741 lamentationis
1041 1676 1105 1740 eri·

112 1785 253 1860 gentum
274 1797 317 1839 ne
339 1776 369 1841 si
389 1777 533 1860 cogitata
555 1775 644 1840 mala
665 1777 773 1840 miuus
796 1776 965 1854 cruciant,
996 1793 1104 1860 usque

109 1870 160 1936 ad
187 1871 410 1958 perpetranda
442 1895 543 1959 opera
571 1873 767 1959 perducant.
811 1870 879 1937 Sed
906 1873 995 1937 inter
1023 1872 1106 1936 haec

115 1971 165 2036 ita
175 1971 320 2037 terrendi
330 1981 419 2054 sunt,
442 1981 598 2037 attamen
608 1973 741 2038 minime
751 1975 962 2057 frangantur.
996 1970 1105 2056 Saepe

113 2071 206 2135 enim
225 2071 408 2137 misericors
423 2070 518 2136 Deus
536 2093 573 2136 eo
596 2069 960 2156 oitiuspeccataoordis
981 2069 1105 2156 abluit,

114 2193 185 2258 quo
207 2168 289 2236 haee
310 2172 403 2236 exire
425 2170 469 2235 ad
495 2192 597 2256 opera
616 2193 686 2235 non
706 2171 879 2255 permittit,
906 2180 938 2234 et
959 2170 1106 2252 cogitata

110 2273 267 2360 nequitia
289 2281 415 2358 quanto
438 2271 538 2335 citius
561 2269 720 2351 solvitur,
751 2270 830 2355 quia
853 2267 971 2333 effectu
995 2268 1106 2352 operis

113 2372 299 2438 districtius
322 2393 388 2436 non
409 2369 546 2456 ligatur.
588 2367 687 2436 Unde
709 2377 799 2432 recte
819 2389 880 2454 per
899 2365 1105 2452 psalmistam

111 2471 251 2538 dieitur:
271 2470 388 2550 Dixi,
412 2467 699 2558 pronuntiabo
722 2467 944 2534 adversum
966 2489 1025 2532 me
1049 2468 1106 2532 iu·

108 2567 450 2660 justitiasomeas
470 2569 661 2650 Domino,
690 2577 727 2632 et
748 2575 792 2632 tu
813 2568 1021 2653 remisisti
1041 2567 1105 2631 im·

113 2671 314 2758 pietatem
343 2667 492 2734 cordis
520 2669 651 2754 mei.²)
694 2668 764 2750 Qui
793 2668 882 2730 enim
904 2667 1106 2754 impietatem

111 2769 222 2836 corda
234 2766 393 2848 subdidit,
418 2767 499 2851 quia
517 2765 1106 2852 cogitationuminjustitiaspronum

113 2867 201 2934 tiara
224 2866 344 2950 vellet,
376 2865 549 2931 indicavit.
591 2867 748 2952 Dumque
776 2865 840 2928 ait:
867 2862 984 2944 Dixi,
1013 2883 1107 2948 pro·

114 2966 330 3049 nuntiabo,
352 2978 454 3053 atque
465 2965 553 3030 illico
565 2965 734 3051 adjunxit:
753 2963 805 3027 Et
825 2970 869 3026 tu
890 2959 1108 3041 remisisti3

112 3066 283 3154 quamsit
309 3085 409 3151 super
439 3063 523 3128 haec
552 3061 665 3128 facilis
692 3061 811 3146 uenia,
844 3057 996 3124 ostendit.
1040 3056 1108 3138 Qui

304 3215 402 3226 -.ν-ωα-

110 3292 114 3301 ’
146 3301 170 3369 ¹)
188 3303 284 3357 Eadem
307 3303 384 3354 tradit
401 3301 428 3356 S.
447 3305 491 3354 Dr.
510 3304 605 3360 Hamil.
631 3303 671 3356 16.
690 3303 717 3354 in
735 3301 862 3368 Evangel.
881 3306 905 3354 et
922 3300 1018 3353 similla
1035 3301 1106 3352 Tho-

185 3401 243 3440 mas
261 3404 278 3441 a
295 3387 403 3456 Rumpis
420 3387 465 3441 lib.
484 3390 507 3441 1.
526 3391 557 3442 do
574 3389 643 3444 Imit.
662 3387 769 3454 christi,
786 3401 843 3456 sap.
862 3384 904 3443 13.
921 3401 947 3438 u.
966 3385 991 3439 t.
1025 3385 1107 3452 „Nam

185 3475 269 3542 primo
286 3475 398 3528 occurrit
415 3476 494 3529 monti
512 3475 622 3544 simplex
633 3474 763 3544 cogitatio,
781 3474 872 3528 deiude
888 3471 964 3526 tortis
981 3472 1107 3540 imagina-

184 3560 229 3630 tio,
249 3565 339 3630 postea
357 3561 492 3632 delectatio
510 3565 536 3615 et
552 3565 637 3614 motus
654 3575 753 3630 praem
770 3565 796 3613 et
811 3558 956 3614 asmnsiof‘

143 3653 333 3726 bfflQb
532 3659 534 3664 '
