2554 4172
572 111 776 202 ..4852-

174 299 323 387 cogitata
345 299 435 386 apud
456 301 608 366 seunxia
628 300 727 368 factis
739 298 961 368 exterioribus
979 277 1173 384 exequendo

176 409 372 466 monstrare.
415 399 525 480 Quem
545 409 655 472 tamen
676 399 792 464 David
812 397 911 464 ferire
933 397 1066 478 metuit,
1091 398 1171 481 quia

174 501 252 588 piae
276 498 482 565 subditorum
504 508 633 566 mentes
654 499 697 564 ab
724 500 812 564 omni
835 519 870 564 se
891 506 985 585 peste
1006 495 1169 562 obtrecta-

175 600 274 666 tionis
287 597 507 680 abstinentes,
520 600 791 686 praepositorum
807 599 910 663 vitam
923 595 1017 663 nullo
1030 595 1167 680 linguae

176 696 288 785 gladio
307 700 519 786 percutiunt,
550 699 651 764 etiam
680 721 754 764 cum
776 699 817 764 de
846 696 1095 784 imperfectione
1116 717 1168 759 re-

174 796 395 885 prehendunt.
440 797 509 878 Qui
532 799 595 864 etsi
618 797 753 882 quando
784 819 844 882 pro
873 797 1065 864 infirmitate
1094 816 1168 865 sess

176 898 345 962 abstinere
367 897 428 963 vix
452 906 609 982 possunt,
644 907 681 963 ut
703 904 853 962 extrema
880 892 1045 983 quaedam
1065 903 1168 983 atque

174 997 344 1063 exteriora
364 998 630 1082 praepositorum
651 997 757 1081 mala,
790 996 848 1063 sed
868 1005 980 1066 tamen
1000 992 1169 1058 humiliter

174 1095 376 1184 loquantur,
401 1095 499 1181 quasi
521 1117 611 1159 oram
633 1093 820 1183 chlamydis
843 1093 979 1160 silenter
1000 1093 1167 1174 incidunt;

176 1196 258 1282 quia
286 1193 445 1259 videlicet
479 1192 556 1260 dum
588 1193 764 1280 praelatae
793 1194 952 1278 dignitati
979 1192 1096 1258 saltem
1117 1187 1166 1258 is·

174 1296 275 1361 noxie
297 1303 330 1358 et
349 1292 494 1360 latenter
515 1291 698 1379 derogant,
729 1295 827 1380 quasi
848 1296 939 1379 regis
964 1292 1168 1380 superpositi

174 1404 300 1462 vestem
323 1393 514 1480 foedant31)
538 1393 720 1459 sedtamen
741 1392 785 1458 ad
806 1396 1000 1481 semetipsos
1013 1393 1167 1475 redeunt,

175 1515 278 1581 seque
305 1493 594 1559 vehementissime
622 1491 678 1559 vel
706 1491 746 1558 de
776 1495 971 1560 tenuissima
997 1491 1166 1561 uerbi'la·¹

171 1593 340 1659 curatione
351 1591 614 1680 reprehendunt.
637 1675 642 1684 Ι
657 1592 757 1660 Unde
770 1593 857 1658 bene
879 1604 912 1660 et
925 1593 992 1660 illic
1008 1594 1167 1680 scriptum

173 1702 240 1759 est:
269 1692 371 1760 Post
399 1691 502 1758 haec
529 1689 666 1757 David
691 1692 912 1779 percussit
939 1713 1005 1758 cor
1033 1713 1166 1776 suum,

173 1814 218 1857 eo
241 1791 353 1878 quod
374 1790 638 1858 abscidisset
654 1814 763 1857 oram
778 1789 1008 1880 chlamydis
1027 1789 1168 1872 Saul.²)

173 1889 279 1954 Facta
301 1891 428 1976 quippe
446 1891 711 1976 praepositorum
725 1892 792 1957 oris
807 1890 916 1976 gladio
928 1888 1080 1957 ferienda
1101 1911 1169 1956 nou

173 1997 269 2070 sunt,
300 1989 400 2053 etiam
429 2008 503 2052 cum
531 2000 620 2053 recte
655 1988 932 2074 reprehendenda
962 1983 1169 2077 judicantur.

173 2085 349 2174 Siquando
371 2107 451 2151 veru
473 2095 589 2152 contra
612 2086 667 2151 eol
689 2086 744 2151 vel
766 2089 803 2153 in
823 2089 967 2153 minimis
983 2087 1100 2172 lingua
1118 2086 1167 2151 la-

172 2183 284 2270 bitur,
306 2207 444 2254 necesse
466 2194 537 2268 est,
564 2193 603 2252 ut
623 2207 684 2274 per
706 2186 917 2252 afflictionem
940 2187 1168 2272 poenitentiae

171 2307 229 2352 cor
256 2293 443 2374 prematur;
473 2295 640 2372 quatenus
672 2286 717 2352 ad
744 2286 955 2374 semetipsum
977 2285 1112 2368 redeat,
1135 2293 1169 2352 et

66 2464 73 2480 „
172 2407 247 2452 cum
268 2386 481 2473 praepositae
502 2387 662 2472 potestati
680 2385 873 2475 deliquerit,
896 2387 969 2474 ejus
992 2393 1108 2454 contra
1131 2407 1167 2450 se

168 2485 344 2574 judicium,
367 2507 465 2572 aquo
480 2486 545 2550 sibi
559 2485 715 2572 praelata
728 2496 790 2569 est,
802 2484 1044 2573 perhorrescat
1082 2483 1168 2556 Nam

173 2606 248 2649 cum
268 2584 469 2672 praepositis
491 2584 732 2672 delinquimus,
764 2587 837 2672 ejus
858 2586 1076 2666 ordinationi,
1091 2585 1093 2590 ’
1109 2586 1167 2672 qui

172 2706 230 2750 cos
252 2683 349 2750 nobis
369 2684 551 2769 praetulit,
580 2684 764 2752 obviamus.
807 2683 907 2751 Unde
929 2687 1064 2774 Moyses
1086 2706 1166 2768 quo·

170 2805 249 2870 que,
270 2803 344 2848 cum
366 2791 481 2850 contra
502 2804 537 2849 se
554 2794 592 2849 'et
603 2785 717 2852 Aaron
730 2786 891 2873 conqueri
906 2783 1067 2872 populum
1089 2805 1164 2866 cog·

171 2883 340 2964 novisset,
381 2881 443 2974 ait:
479 2881 696 2948 Nosenim
732 2882 835 2970 quid
863 2882 1039 2950 sumus?
1083 2881 1166 2948 Nec

171 2989 410 3058 contrarios
431 2987 495 3047 est
516 3003 692 3048 murmur
713 2989 911 3062 vestrum,
936 2978 1165 3048 sedcontra

172 3075 451 3167 Dominumst)
494 3063 500 3076 ⁵

205 3323 227 3386 ⁸)
246 3321 311 3375 Alit.
330 3329 427 3376 meant
446 3353 475 3364 -
496 3325 516 3391 ²)
536 3325 560 3382 1.
578 3325 642 3410 Bag.
658 3322 701 3394 ab,
718 3325 744 3379 6.
762 3355 796 3367 -
817 3323 840 3393 ³)
857 3325 938 3378 Exod.
958 3324 1007 3390 16,
1033 3325 1059 3381 8.
