2556 4150
528 215 738 304 ..13-

131 389 241 468 vatus,
267 378 346 447 dum
366 400 490 465 magna
512 377 870 463 sefeeissegauderet,
892 375 1021 440 cunctis
1036 374 1132 462 prins

131 481 168 546 in
188 481 391 568 cogitatione
414 501 450 545 se
478 469 656 565 praetulit,
690 486 724 542 et
747 483 823 564 post
850 471 961 540 adhuc
983 472 1131 539 tumidus

132 579 232 646 dixit:
254 573 396 645 Nonne
417 577 522 642 baec
545 586 607 645 est
627 573 811 663 Babylon
830 595 988 660 magna,
1012 593 1131 658 qnam

134 700 208 763 ego
241 675 476 766 aedificavi
509 674 549 741 in
577 673 732 742 domum
764 673 905 758 regni,
938 683 975 737 et
1002 671 1043 738 in
1071 693 1129 738 ro-

133 775 537 856 bore-fortitudinis
560 797 683 858 meae,
717 781 758 837 et
779 772 821 838 in
844 770 989 855 gloria
1013 769 1129 836 deco·

132 877 194 942 ris
221 877 322 942 mei?
345 871 370 961 ¹)
415 875 512 954 Quae
539 873 696 940 videlieet
723 895 790 938 vox
814 869 895 935 ilius
917 871 993 933 irae
1019 867 1130 936 vindi·

132 986 219 1042 ctam
242 985 360 1062 aperte
383 973 539 1062 pertulit,
575 995 675 1061 quam
697 970 827 1038 occulta
846 969 945 1035 elatio
968 968 1131 1036 accendit.

132 1075 218 1141 Nam
241 1073 415 1140 districtus
433 1073 541 1161 judex
560 1073 655 1159 prius
676 1067 892 1137 invisibiliter
912 1069 1012 1150 vidit,
1041 1065 1146 1154 quod·

132 1185 250 1260 postea
280 1169 590 1261 publice‘fcriendo
620 1167 843 1257 reprehendit.
898 1165 997 1235 Unde
1030 1176 1063 1233 et
1094 1168 1131 1232 in

133 1273 330 1340 irrationale
352 1255 477 1338 animal
499 1271 589 1336 hunc
610 1271 726 1352 vertit,
751 1267 793 1333 ab
811 1269 958 1334 humana
972 1268 1130 1333 societate

79 1419 88 1428 -.
137 1371 324 1456 separavit,
345 1373 422 1458 agri
443 1371 562 1438 bestiis
584 1379 712 1436 mutata
734 1379 844 1434 mente
866 1368 1059 1456 conjunxit,
1093 1378 1131 1434 ut

136 1472 283 1538 districto
305 1472 458 1537 videlicet
470 1473 631 1558 justoque
642 1468 772 1557 judicio
789 1467 885 1534 homo
909 1489 1043 1556 quoque
1056 1489 1130 1532 esse

134 1571 298 1656 perderet,
322 1573 379 1659 qni
392 1592 549 1655 magnum
559 1592 593 1634 se
609 1567 695 1634 ultra
708 1564 858 1634 homines
870 1569 1089 1633 aestimasset.
1101 1567 1129 1652 ²)
1142 1649 1149 1661 ’

131 1670 228 1736 Haec
249 1671 365 1756 itaque
395 1669 600 1756 proferentes
627 1690 694 1732 non
723 1677 932 1756 potestatem*
951 1668 1129 1754 reprehen-

135 1769 262 1851 dimus,
298 1768 359 1836 sed
389 1768 432 1835 ab
461 1769 615 1857 appetitu
645 1765 737 1832 illius
767 1767 874 1834 cordis
905 1767 1129 1832 infirmitatem

134 1871 321 1952 munimus,
345 1891 385 1935 ne
408 1867 595 1956 imperfecti
617 1870 740 1954 quique
761 1866 891 1933 culmen
913 1869 1062 1954 arripere
1080 1890 1130 1932 re-

137 1967 272 2050 giminis
294 1967 456 2052 audeant,
486 1976 519 2033 et
542 1969 600 2054 qui
625 1971 660 2034 in
682 1966 791 2056 planis
821 1977 948 2033 stantes
970 1966 1129 2050 titubant,

138 2065 173 2130 in
195 2066 370 2152 praecipiti
390 2065 505 2154 pedem
527 2076 664 2153 ponant.
730 2123 735 2137 .

177 2312 200 2382 ¹)
226 2314 292 2367 Dan.
311 2315 340 2380 4,
360 2315 403 2370 27.
424 2343 453 2353 -
474 2313 494 2380 ²)
512 2315 563 2368 Gor
580 2315 635 2368 sive
653 2314 794 2382 phantasia
810 2319 835 2367 ct
851 2311 1131 2382 appetitusNabucho·

221 2399 357 2454 donosoris
383 2401 411 2452 in
437 2401 574 2469 superbiae
599 2415 708 2470 poenam
730 2401 840 2453 amentis
857 2415 910 2452 non
928 2403 989 2451 sunt
1007 2399 1128 2466 amplius,

222 2491 251 2538 ut
268 2487 296 2538 in
313 2487 416 2540 homine
434 2486 498 2540 bene
516 2503 595 2553 sano,
615 2487 660 2540 sed
679 2486 883 2552 deturbantur,
902 2491 929 2537 ut
948 2485 1067 2538 videatur
1079 2483 1132 2537 sibi

221 2585 279 2626 esse
296 2571 394 2638 bestia,
412 2586 460 2625 nec
478 2573 535 2626 sola
551 2573 691 2640 phantasia
709 2577 733 2624 et
750 2572 893 2640 appetitus,
913 2572 957 2624 sed
975 2572 1052 2624 etiam
1071 2565 1130 2624 cor-

220 2659 261 2712 dis
280 2664 305 2712 et
326 2659 443 2727 eorporis
468 2663 693 2727 temperamentum
711 2659 747 2710 ita
778 2658 939 2710 immutatum
957 2663 982 2710 et
999 2657 1132 2711 efferatum

220 2751 271 2809 est,
289 2749 319 2796 ut
336 2749 459 2812 quantum
470 2743 533 2820 ⁸lieri
550 2745 635 2812 potuit
653 2744 717 2796 eitra
734 2748 843 2798 naturae
861 2745 990 2797 humanas
1008 2744 1131 2796 amissio-

221 2845 290 2896 nem,
318 2829 383 2883 ieris
400 2830 496 2882 similis
514 2831 641 2884 eraderet.
676 2830 759 2882 Eine
776 2831 804 2882 in
828 2830 940 2882 amentia
958 2828 1011 2882 sibi
1028 2834 1052 2882 et
1069 2829 1133 2882 aliis

220 2920 324 2970 noceret
341 2914 507 2981 furibundus,
527 2915 637 2968 manicis
655 2923 680 2968 et
697 2914 864 2983 compedibus
881 2915 1030 2980 adstrictus,
1050 2929 1130 2982 quum

222 3000 304 3055 nollet
320 3001 348 3053 in
366 3001 474 3070 pallatio
493 3000 661 3066 commorari,
685 3001 804 3054 Danielis
822 3002 921 3055 monitu
938 3002 967 3054 in
984 3002 1131 3070 proximum

224 3081 336 3138 ferarum
361 3088 457 3140 circum
480 3085 605 3141 abductus
624 3092 648 3138 et
665 3100 698 3139 ex
715 3087 847 3138 hominum
871 3089 998 3139 consortio
1014 3087 1131 3158 abjectus

225 3172 272 3224 est.
307 3170 426 3238 Regnum
443 3171 542 3226 interea
559 3171 747 3226 Chaldaeorum
768 3171 825 3242 ejus
843 3171 915 3224 filius
933 3172 1132 3225 Baltassaruna

223 3267 281 3306 cum
299 3256 465 3323 optimatibus
489 3257 686 3311 administravit.
721 3257 853 3326 completo
872 3258 1016 3326 septennio,
1043 3261 1071 3309 rit
1089 3257 1130 3308 di-

223 3343 299 3406 eunt,
318 3353 399 3394 sanas
416 3344 494 3395 menti
510 3345 625 3398 redditus
644 3348 684 3396 est
700 3343 936 3398 Nabuchodonosor
954 3347 978 3396 et
989 3357 1069 3408 regno
1080 3343 1130 3394 ai-

217 3425 401 3494 minirtrando,
420 3428 465 3482 eei
482 3431 574 3498 paucis
592 3435 651 3498 post
666 3429 800 3483 mensibus
820 3444 835 3482 s
852 3430 906 3482 vita
924 3428 1069 3496 emigravit.
