2556 4150
538 229 578 244 ...
619 193 658 262 31
703 230 743 250 ...

486 374 682 442 CAPUT
715 375 780 440 111.

186 515 228 568 Ut
250 516 365 565 rector
392 526 527 580 semper
548 476 599 564 dit
620 512 834 580 operatione
860 511 1094 580 praecipuus.
1116 503 1117 510 ’

201 649 251 716 Sit
270 649 394 714 Rector
416 647 608 732 operatione
630 648 851 734 praecipuus,
874 655 912 712 ut
932 647 1022 712 vitae
1042 647 1131 714 viam

133 748 277 818 subditis
307 747 455 812 vivendo
483 744 676 829 denuntiet,
709 756 742 812 et
763 767 870 831 grex,
898 744 957 832 qui
980 744 1132 812 Pastoris

134 871 246 917 vocem
270 867 445 932 moresque
460 847 628 931 sequitur,
650 869 712 933 pcr
725 843 880 933 exempla
894 843 1013 910 melius
1031 866 1131 931 quam

133 971 194 1038 per
216 945 323 1014 verba
345 942 531 1030 gradiatur.
572 943 649 1025 ‘Qui
671 946 760 1013 enim
781 945 845 1012 loci
867 944 919 1012 sui
929 943 1129 1010 necessitate

131 1050 282 1134 exigitur
304 1067 430 1112 summa
453 1044 580 1125 dicere,
604 1044 668 1110 hac
689 1043 806 1110 eadem
829 1043 1026 1110 necessitate
1044 1064 1129 1108 ccm-

132 1147 269 1235 pellitur
293 1167 420 1211 summa
442 1155 636 1211 monstrare.
679 1143 745 1209 Illa
767 1165 910 1230 namque
935 1165 1002 1208 vox
1023 1141 1128 1207 libeu-

131 1241 202 1312 tius
237 1245 427 1311 auditorum
459 1265 516 1310 cor
540 1251 718 1330 penetrat,
754 1264 853 1330 quam
886 1242 1027 1308 dicentis
1059 1243 1130 1310 vite

133 1343 354 1411 commendat:
391 1344 472 1430 quia
501 1342 591 1430 quod
619 1342 785 1430 loquendo
821 1343 981 1428 imperat,
1021 1352 1129 1408 osten·

135 1442 244 1510 dendo
267 1443 423 1530 adjuvat,
456 1453 494 1509 ut
514 1444 583 1508 fiat.
624 1443 715 1509 ,Hinc
736 1443 824 1508 enim
845 1464 905 1528 per
928 1441 1130 1528 Prophetam

132 1543 270 1608 dicitur:
293 1542 428 1628 Super
449 1551 623 1608 montem
640 1541 855 1608 excelsum
877 1539 1130 1620 ascendam,

132 1644 206 1730 qui
234 1640 524 1726 evangelizas
548 1640 661 1706 Sion.
680 1641 705 1728 ¹)
736 1641 783 1707 Ut
796 1639 954 1706 videlicet
977 1641 1036 1726 qui
1057 1660 1129 1704 coe·

132 1740 209 1806 lesti
230 1737 478 1828 praedicatione
499 1741 623 1821 utitur,
653 1739 720 1802 ima
735 1741 806 1826 jam
824 1749 1033 1826 terrenorum
1055 1759 1129 1826 ope·

133 1862 209 1904 rum
239 1837 419 1920 deserens,
459 1843 494 1906 in
526 1862 636 1904 rerum
669 1839 810 1907 culmine
842 1851 932 1906 stare
961 1839 1129 1922 videatur,

136 1945 296 2022 tantoque
330 1937 461 2010 facilius
499 1936 652 2004 subditos
688 1937 732 2024 ad
771 1938 907 2005 meliora
942 1937 1127 2026 pertrahat,

137 2043 264 2120 quanto
286 2057 346 2120 per
367 2039 455 2105 vitae
477 2037 632 2102 meritum
654 2035 695 2101 de
712 2039 866 2125 supernis
880 2038 1009 2104 clamat.
1042 2037 1130 2105 Hinc

134 2131 251 2201 diviua
271 2131 362 2220 Lege
383 2159 509 2204 armum
534 2134 689 2206 sacerdos
711 2137 746 2200 in
768 2137 964 2202 sacrificium
995 2146 1028 2200 et
1049 2134 1128 2202 dex-

131 2240 220 2300 trum
248 2234 373 2320 accipit
401 2243 434 2299 ct
462 2246 669 2322 separatum,
698 2245 735 2302 ut
764 2257 830 2300 non
861 2233 966 2301 solum
986 2235 1030 2300 sit
1053 2237 1127 2322 ejus

130 2335 281 2420 operatio
303 2334 414 2418 utilis,
441 2336 498 2400 sed
521 2337 620 2402 ctiam
642 2334 839 2420 singularis:
868 2356 930 2402 nec
951 2335 1037 2399 inter
1057 2356 1126 2400 ma·

130 2429 182 2498 los
202 2434 448 2518 tantummodo,
471 2457 557 2520 quae
580 2443 672 2503 recta
693 2444 790 2517 sunt,
813 2434 935 2518 faciat,
960 2435 1018 2501 sed
1040 2432 1126 2499 bene

130 2551 263 2617 quoque
286 2543 463 2620 operantes
484 2533 648 2618 subditos,
672 2536 759 2608 sicut
780 2533 906 2602 honore
924 2532 1051 2601 ordinis
1074 2556 1126 2600 su·

128 2640 245 2716 parat,
269 2632 317 2696 ita
340 2631 441 2698 etiam
462 2654 590 2702 morum
611 2635 742 2704 virtuto,
757 2633 982 2702 transcendat
1002 2633 1029 2721 2)
1060 2632 1127 2703 Oui

128 2729 163 2794 in
186 2750 245 2794 esu
267 2753 401 2817 quoquc
424 2731 655 2816 pectusculum
675 2756 749 2800 cum
771 2755 862 2803 armo
877 2733 1057 2814 tribuitur,
1089 2743 1126 2799 ut

129 2826 219 2914 qnod
240 2829 281 2896 de
304 2830 466 2898 sacrificio
487 2833 693 2919 praecipitur
709 2855 849 2918 sumere,
870 2831 934 2899 hoc
949 2832 990 2899 de
1007 2843 1124 2910 septet-

128 2927 202 3010 ipao
215 2934 353 2999 auctori
375 2930 482 3003 discat
504 2931 684 2998 immolare.
716 2932 762 3001 Et
774 2955 840 3000 non
856 2930 963 3004 solum
978 2941 1125 3020 pectore,

130 3045 219 3110 quae
248 3038 339 3096 recta
369 3041 463 3114 suut,
495 3031 619 3117 cogitet
626 3080 635 3115 ,
668 3030 727 3100 scd
750 3040 954 3118 spectatores
982 3055 1059 3101 suos
1081 3033 1126 3105 ad

130 3120 288 3194 sublimia
309 3147 400 3196 armo
421 3132 532 3219 operis
553 3130 674 3200 invitet
684 3177 695 3214 ‚
724 3130 817 3200 nulla
838 3153 1000 3224 prospera
1027 3153 1124 3224 prac-

128 3222 332 3296 sentiaritae
345 3237 495 3312 appetat,
516 3227 610 3306 nulla
624 3228 767 3305 adversa
781 3231 1004 3317 pertimescat,
1027 3230 1124 3316 blep-

128 3321 277 3394 &uena
310 3323 426 3400 mundi
460 3341 612 3416 respecto
641 3330 757 3403 intimo
793 3337 918 3406 terrore
949 3327 1124 3418 despiciat,

127 3430 273 3488 terrores
295 3431 407 3489 autem
428 3428 636 3496 considerato
658 3429 811 3496 internae
826 3425 1011 3493 dulcedinis
1027 3423 1124 3514 blan·
1239 3451 1241 3454 ·

126 3559 416 3588 m*

165 3641 184 3703 ¹)
203 3641 267 3697 rar.
285 3643 332 3710 ro,
350 3642 376 3698 a
396 3671 425 3682 -
446 3642 467 3708 ἰ
485 3609 569 3699 nau.
585 3645 633 3710 ao,
651 3646 693 3701 22.
776 3653 780 3660 ·
