2554 4172
563 163 787 228 ..Μ-.-

242 331 463 419 Nequaquam
493 351 574 415 ergo
596 339 710 396 saneto
734 327 863 415 Spiritu
884 327 1004 412 plenus
1033 336 1094 408 est,
1118 327 1189 414 qui

178 442 240 496 aut
260 432 296 496 in
316 427 560 517 tranquillitate
581 429 844 496 mansuetudinis
869 427 1036 495 fervorem
1063 449 1187 493 aemu-

177 530 312 600 lationis
334 529 473 612 deserit,
505 540 565 596 aut
588 553 720 596 rursum
742 531 778 598 in
798 527 1029 593 aemulationis
1058 524 1186 592 ardore

171 631 333 696 'virtutem
355 628 623 696 mansuetudinis
644 629 774 695 amittit
818 625 917 708 Quod
943 627 1087 692 fortasse
1108 648 1182 690 me-

170 727 242 793 lius
271 727 490 810 ostendimus,
513 729 550 804 si
577 728 613 795 in
642 729 787 794 medium
816 725 917 792 Pauli
946 725 1183 811 magisterium

177 827 406 917 proferamus,
439 827 497 912 qui
527 827 657 893 duobus
687 826 859 914 discipulis
890 837 923 892 et
951 849 1018 891 non
1039 824 1184 890 diversa.
1256 887 1257 906 2

179 929 317 994 caritate
338 923 520 1012 praeditis,
553 923 688 991 diversa
709 938 820 992 tamen
848 927 1015 1014 adjutoria
1042 921 1181 1012 praedi·
1256 913 1257 954 l

169 1028 320 1093 *cationis
334 1024 503 1112 impendit.
540 1024 749 1093 Timotheum
763 1047 906 1111 namque
921 1024 1188 1096 admonenssitt
1256 1075 1257 1080 1

170 1125 335 1212 ¹Argue,
359 1123 548 1208 obsecra,
570 1125 748 1211 increpa
771 1126 942 1190 inomni
964 1122 1182 1209 patientia

172 1229 221 1292 'et
256 1225 468 1290 doctrina.
496 1221 521 1308 ¹)
573 1223 685 1288 Titum
709 1245 842 1311 quoque
871 1223 1025 1307 admonet
1046 1221 1187 1287 dioenst

179 1325 291 1391 Haec
312 1323 511 1410 loquere,
536 1334 577 1391 et
600 1321 845 1407 exhortare,
868 1333 909 1388 et
931 1344 1065 1407 argue
1088 1343 1183 1386 curm

170 1425 240 1491 'om
252 1424 296 1488 ni
317 1421 503 1509 imperio.
514 1423 540 1503 ²)
586 1421 677 1502 Quid
699 1434 761 1504 est,
775 1423 873 1508 ¹quod
887 1421 1069 1488 doctrinam
1082 1441 1184 1484 suam

169 1532 277 1589 ¹tanta
291 1533 363 1586 arte
385 1511 577 1608 dispensat,
601 1533 638 1588 ut
660 1523 696 1586 in
718 1521 907 1588 exhibenda
922 1523 985 1585 hac
1003 1520 1102 1585 alteri
1117 1519 1181 1584 im·

180 1624 325 1710 perium,
348 1629 450 1707 atque
472 1621 571 1687 alteri
586 1623 781 1709 patientiam
795 1631 979 1711 proponat,
1003 1620 1071 1686 nisi
1088 1619 1177 1705 quod

171 1723 415 1788 'mansuetioris
438 1721 574 1808 spiritus
597 1721 711 1788 Titum
722 1733 755 1787 et
775 1720 877 1807 paulo
897 1721 1112 1786 ferventioris
1126 1721 1172 1785 vi·

183 1821 231 1887 dit
260 1843 333 1886 esse
364 1819 596 1887 Timotheum?
626 1821 725 1888 Illum
754 1842 813 1909 per
842 1821 1074 1902 aemulationis
1108 1833 1175 1888 stn-

169 1921 272 1987 ‘dium
293 1919 493 2004 inflammat,
516 1918 605 1987 hunc
626 1943 686 2006 per
705 1921 874 1986 lenitatem
890 1920 1075 2005 patientiae
1093 1930 1179 1986 tem·

179 2029 284 2108 perat.
335 2018 393 2084 Illi
421 2019 509 2105 quod
542 2019 635 2085 deest
661 2021 790 2106 jungit,
827 2017 905 2085 huic
938 2018 1027 2108 quod
1059 2042 1176 2106 super·
1256 2091 1257 2096 γ

180 2129 231 2186 est
257 2117 433 2186 subtrahit.
466 2117 566 2186 Illum
590 2117 722 2184 stimulo
739 2117 912 2206 impellere
933 2120 1060 2200 nititur,
1082 2119 1181 2186 hunc

178 2218 273 2285 freno
294 2217 494 2286 moderatur.
538 2217 684 2302 Magnus
708 2219 831 2304 quippe
855 2231 1027 2307 susceptae
1053 2216 1173 2282 Eccle-

181 2321 250 2385 siae
272 2317 407 2384 c'olonus
430 2317 515 2384 alios
536 2317 700 2404 palmites,
723 2326 761 2380 ut
783 2339 935 2384 crescere
953 2315 1105 2398 debeant,
1127 2319 1178 2382 ri·

181 2426 254 2504 gat:
277 2419 378 2500 alios,
403 2440 477 2482 cum
499 2415 577 2504 plus
596 2417 688 2502 justo
710 2435 860 2481 crescere
888 2415 1059 2504 conspicit,
1081 2437 1174 2481 rese·

179 2525 251 2599 cat;
279 2540 321 2582 ne
344 2525 404 2582 aut
426 2538 493 2581 non
515 2516 692 2579 crescendo
715 2537 782 2580 non
802 2515 914 2580 lerant
934 2514 1081 2594 fructus,
1116 2525 1179 2580 aut

142 2631 144 2636 ·
180 2613 395 2682 immoderate
418 2611 614 2695 crescendo,
645 2634 728 2697 quos
755 2613 973 2700 protulerint,
1010 2614 1170 2680 amittant

69 2769 70 2772 η
181 2714 249 2782 Sed
270 2715 367 2800 longe
389 2713 459 2778 alia
475 2722 526 2777 est
540 2712 601 2792 ira,
626 2733 712 2798 quae
728 2711 791 2777 sub
809 2711 1041 2778 aemulationis
1064 2713 1173 2800 specie

180 2815 342 2900 subrepit,
354 2811 381 2898 3)
403 2810 471 2875 alia
493 2831 580 2896 quae
601 2809 772 2877 turbatum
794 2834 850 2877 cor
873 2823 906 2877 et
929 2813 1001 2878 siue
1018 2812 1174 2898 justitiae

176 2921 359 3002 praetextu
381 2906 561 2974 confundit.
605 2909 672 2974 Illa
694 2910 780 2974 enim
804 2910 838 2975 in
855 2909 928 2991 hoe,
953 2910 1043 2996 quod
1062 2909 1179 2996 debet,

178 3012 366 3080 inordinate
395 3007 603 3091 extenditur3
636 3007 719 3074 haec
748 3020 859 3090 antem
886 3032 1016 3102 semper
1044 3013 1078 3076 in
1108 3009 1177 3103 his,

174 3121 267 3198 'quae
282 3130 350 3174 non
365 3105 481 3187 debet,
504 3106 738 3182 inflammatur.
774 3107 951 3174 Sciendum
969 3111 1094 3196 quippe
1110 3123 1178 3192 est,

180 3210 259 3298 quia
288 3207 323 3273 in
354 3205 415 3272 hoo
451 3206 494 3270 ab
525 3207 778 3294 impatientibus
810 3209 963 3274 iracundi
1001 3205 1174 3290 differunt,

175 3305 268 3397 quod
288 3304 340 3371 illi
361 3305 405 3371 ab
418 3305 492 3372 aliis
504 3305 596 3373 illata
610 3329 676 3374 non
688 3306 843 3390 tolerant,
865 3308 921 3373 isti
935 3320 1045 3376 autem
1059 3310 1176 3391 etiam,

86 3463 89 3476 κ
176 3426 266 3494 quae
293 3404 493 3490 tolerentur,
523 3407 713 3493 important.
767 3405 852 3474 Nam
885 3407 1040 3474 iracundi
1071 3426 1176 3494 saepe

175 3607 186 3636 '
210 3619 232 3684 ¹)
249 3618 273 3678 2.
291 3619 356 3678 urm.
369 3619 394 3690 t,
412 3618 437 3676 2.
457 3647 488 3658 -
509 3617 528 3683 1)
546 3617 595 3672 m.
613 3616 643 3684 2,
662 3615 704 3672 rs.
721 3643 754 3656 -
774 3615 795 3686 ε)
813 3618 877 3671 mn.
894 3618 1013 3688 suarna
