2520 4152
476 184 701 254 „2o1..

83 357 160 438 qu'o
183 348 341 416 videlicet
363 351 470 436 pretio
500 361 656 437 percepto
679 351 814 416 Veritus
836 351 930 420 dicit:
961 353 1089 426 Amen

82 447 187 514 dico
216 448 360 530 vobis,
389 439 647 535 receperunt
669 449 893 522 mercedem
917 475 1040 521 suam.
1061 452 1086 542 ¹)

83 545 301 614 Admonondi
324 557 419 629 eunt,
451 558 488 614 ut
512 546 732 629 considerent,
763 550 843 634 quia
865 549 943 617 dum
964 575 1092 640 pravos·

85 667 127 711 se
152 647 187 710 in
207 645 344 712 occultis
373 645 550 728 exhibent,
580 645 638 712 sed
667 657 779 714 tamen
805 650 959 736 exemplo
988 651 1030 718 de
1049 673 1087 719 se

83 742 223 832 publice
245 745 280 810 in
308 743 405 810 bouis
434 745 591 830 operibus
613 747 796 832 praebent,
825 748 1006 816 ostendunt
1035 772 1086 816 se·

86 842 239 930 quenda,
263 863 349 929 quae
369 843 519 928 fugiunt,
543 843 689 909 clamant
711 845 871 928 amande,
896 870 983 933 quoe
1007 847 1086 914 ode·

86 953 182 1024 runt,
205 941 323 1006 vivunt
344 951 509 1027 postremo
533 942 623 1023 aliis,
647 954 678 1008 et
702 942 764 1007 sibi
786 946 980 1014 moriuntur.

126 1100 129 1108 ,
153 1039 200 1108 At
220 1052 334 1107 contra
356 1041 553 1108 admonendi
576 1052 671 1124 sunt,
702 1045 760 1130 qui
781 1043 879 1128 bona„
890 1045 1015 1114 occulte
1036 1045 1087 1112 fa·

87 1141 195 1222 etune,
220 1149 253 1204 et
268 1149 378 1206 tamen
393 1138 702 1225 quibusdomfaotis
717 1140 850 1227 publice
872 1141 915 1208 (le
939 1167 975 1210 se
997 1142 1088 1213 male.

88 1239 224 1326 opinari
244 1240 450 1325 permittunt,
473 1263 516 1304 ne
532 1259 605 1304 oum
630 1242 716 1308 bona
732 1243 925 1326 semetipsos
947 1244 1088 1319 actionis

87 1349 204 1404 rectae
225 1340 348 1404 virtute
371 1337 558 1421 vivificent,
591 1341 626 1404 iu
650 1363 685 1405 se
711 1339 795 1405 alios
816 1363 877 1426 per
898 1341 1086 1428 exemplum

87 1459 220 1522 pravae
242 1439 483 1506 aestimationis
512 1437 681 1506 occidant:
711 1462 753 1506 ne
783 1442 891 1506 minus
919 1461 1020 1525 quam
1051 1461 1086 1508 se

88 1537 259 1623 proximos
281 1535 437 1620 diligant,
460 1548 493 1607 et
516 1558 588 1602 curn
611 1541 676 1624 ipsi
698 1537 867 1607 salubrem
888 1552 1003 1626 potum
1017 1539 1088 1608 vini

88 1633 269 1718 sorbeant,
303 1637 440 1702 intentis
468 1639 503 1702 in
537 1639 590 1705 sui
626 1639 899 1711 consideratione
919 1639 1087 1708 mentibus

89 1733 289 1822 pestiferum
310 1737 433 1802 veneni
455 1737 608 1822 poculum
624 1737 777 1804 fundent
819 1737 1088 1802 Hinimirumin

89 1855 157 1903 uno
184 1833 408 1916 proximorum
438 1837 678 1902 vitom'minus
706 1836 887 1924 adjuvant,
918 1837 953 1900 in
982 1835 1087 1903 altero

90 1933 231 2000 multum
244 1945 400 2017 gravent,
424 1934 499 2002 dum
517 1935 653 2003 student
675 1945 708 2003 et
718 1944 810 2000 rectu
823 1934 959 2006 oooulte,
972 1956 1085 2020 agere,

93 2042 131 2100 et.
150 2033 349 2118 quibusdem
368 2032 470 2101 luetis
500 2035 543 2102 ed
566 2033 756 2120 exemplum
777 2035 818 2100 de
848 2059 883 2103 se
905 2056 1014 2117 preve
1036 2055 1086 2102 se·

93 2133 231 2202 minare.
274 2131 437 2218 Quisquis
458 2134 545 2198 enim
566 2132 675 2200 laudis
697 2135 997 2220 concupiscentiam
1017 2133 1087 2202 cul·

93 2251 170 2296 cere
193 2232 265 2319 jam
288 2233 427 2314 sufficit,
457 2231 701 2304 aedificationis
726 2234 876 2300 fraudem
904 2241 1088 2320 perpetret,

96 2335 125 2398 si
145 2331 233 2398 bona
257 2347 342 2418 quae
359 2333 430 2418 agit
451 2331 612 2414 occultat3
642 2344 675 2398 et
695 2336 793 2422 quasi
808 2335 937 2420 jactato
960 2333 1086 2398 semine

95 2431 304 2518 germinandi
323 2433 667 2512 ¹radices‘subtruhit,
695 2434 759 2520 qui¹
774 2456 874 2520 opus,
904 2431 991 2520 quod
1013 2433 1086 2498 imi·

95 2531 238 2602 tendum¹
254 2543 320 2614 est,
350 2551 419 2598 nou
441 2533 595 2606 ostendit.
636 2535 724 2604 Hinc
751 2557 896 2621 namque
919 2534 954 2599 in
974 2534 1087 2600 Evsn·
1203 2613 1205 2619 Ι
1253 2501 1255 2556 l

95 2630 178 2718 gelio
196 2631 332 2699 Veritas
348 2633 442 2698 dicit:
464 2634 647 2702 Videant
662 2656 789 2718 opera
807 2642 955 2700 vostre
970 2633 1087 2712 bons,

96 2743 134 2798 et
154 2731 406 2818 glorificent
426 2733 592 2801 Patrem
615 2742 818 2816 velstrum,
842 2735 915 2818 qui
936 2733 979 2798 in
1000 2752 1087 2798 coe·

93 2833 144 2898 lis
167 2842 238 2897 est.
253 2828 280 2917 ²)
325 2829 394 2896 Ubi
410 2831 469 2896 illa
481 2849 613 2920 quoque
626 2835 792 2900 sententia
804 2833 977 2916 promitur,
1001 2848 1087 2915 queo

94 2929 679 3018 longealiudpraeoepissevidetur,
701 2932 831 3002 dicens:
852 2928 1087 3008 Attendite,

94 3054 144 3104 ne
170 3031 396 3118 justitium
424 3021 606 3099 vestram
635 3029 812 3094 facietis
845 3049 988 3092 corum
1017 3027 1088 3092 ho·
1132 3026 1135 3040 '
1254 3027 1255 3048 *

95 3129 295 3208 minibus,
324 3137 367 3193 ut
389 3125 623 3196 videamini
646 3128 696 3192 ab
720 3128 791 3192 eis.
811 3125 838 3208 ἃ)

158 3227 249 3307 Quid
269 3235 322 3294 est
342 3247 434 3310 ergo,
456 3227 545 3314 quod
566 3249 650 3312 opus
672 3238 820 3294 nostrum
841 3237 874 3292 et
895 3226 944 3293 itu
963 3227 1088 3297 lenien-

96 3326 173 3394 dtm
196 3334 259 3408 est,
282 3349 324 3392 ne
347 3325 523 3409 videatur,
555 3335 740 3407 ettamen,
769 3334 807 3390 ut
827 3324 951 3398 debent
971 3325 1090 3410 videri,
1134 3388 1137 3393 .

95 3425 313 3518 praecipitur:
341 3425 407 3494 nisi
437 3424 527 3514 quod
556 3448 597 3494 en
627 3426 883 3514 queeegimus,
919 3434 952 3500 ct
979 3425 1089 3499 oeus

131 3639 389 3710 nunnoni.
409 3669 439 3681 -
459 3618 1022 3710 ²)u·mu1o.-··)mn‚o,r..·
1048 3692 1052 3705 ,
