2554 4172
510 182 734 255 ..129-

125 359 271 426 mentm
283 349 425 418 feeerint
437 354 620 439 praemisse
634 351 740 433 bona,
765 371 852 436 quae
864 349 1010 440 pluerent.⁴
1033 349 1120 435 Nem

126 466 160 520 et
181 472 286 536 equos
308 449 484 517 indomitos
509 447 634 538 blanda
655 450 750 534 prius
765 470 864 512 manu
878 449 1058 535 tangimus,
1081 463 1120 520 ut

125 545 288 616 eosnobis
301 545 435 633 plenius
448 543 760 638 postmodumetiam
771 568 831 634 per
840 545 1118 635 flagellasubiga·

124 671 210 716 mus.
251 646 296 712 Et
316 665 427 711 amaro
449 645 692 733 pigmentorum
713 643 830 732 poculo
850 643 956 728 mellis
982 645 1119 714 dulcedo
1197 667 1199 675 ⁴

124 747 342 833 adjungitur,
377 765 419 810 ne
443 765 500 828 ea,
537 765 624 831 quae
655 743 755 810 saluti
783 745 957 832 profutura
980 754 1052 828 est,
1083 736 1119 817 in

124 849 197 934 ipso
226 853 327 930 gustu
356 865 478 930 aspera
503 842 690 910 amaritudo
717 844 896 910 sentiatur:
929 843 1006 910 dum
1038 867 1118 912 vero

124 954 243 1032 gustus
264 966 325 1031 per
347 940 557 1008 dulcedinem
568 941 706 1025 fallitur,
728 940 843 1008 humor
857 941 1047 1034 mortiferus
1058 965 1119 1030 per

124 1041 384 1109 amaritudinem
418 1053 588 1109 vacuatur.
639 1041 719 1130 Ipsa
757 1063 835 1127 ergo
870 1045 907 1108 in
941 1041 1039 1108 elatis
1068 1041 1118 1132 iu-

124 1144 287 1210 vectionis
309 1139 448 1208 exordia
469 1143 634 1230 permixta
657 1150 736 1206 suut
767 1137 867 1205 laude
888 1139 1119 1229 temperanda,

123 1253 163 1308 ut
184 1241 262 1306 dum
284 1239 463 1306 admittunt
483 1241 626 1322 favores,
652 1263 735 1334 quos
754 1239 907 1324 diligunt,
933 1241 1031 1304 etiam
1049 1262 1118 1306 eor·

124 1343 297 1428 ruptioues
319 1341 497 1428 recipiant,
521 1363 604 1427 quas
630 1340 779 1404 oderunt

189 1439 391 1525 Plerumque
413 1449 524 1504 autern
547 1436 748 1526 persuadere
772 1438 868 1502 elatis
887 1438 985 1503 utilia
1001 1436 1120 1504 melius

124 1563 316 1627 possumus,
351 1540 377 1602 si
400 1538 583 1624 profestum
613 1560 725 1603 eorum
753 1537 849 1602 nobis
874 1538 990 1624 „potius
1019 1559 1120 1621 quam

123 1638 190 1704 illis
216 1637 427 1726 profuturum
461 1636 626 1716 dieamus,
661 1638 690 1700 si
719 1657 832 1700 eorum
860 1635 1121 1702 meliorationem

122 1737 219 1803 nobis
249 1738 357 1821 magis
386 1758 486 1820 quam
513 1737 576 1800 sibi
611 1734 757 1820 impendi
789 1733 1000 1822 postulemus.
1054 1734 1119 1798 Fa·

119 1836 187 1900 ·oile
210 1838 297 1902 enim
320 1835 364 1900 ad
385 1835 507 1901 bonum
530 1835 631 1899 elatio
652 1833 811 1916 flectitur,
836 1837 865 1899 si
887 1846 920 1900 et
942 1833 1021 1900 aliis
1046 1835 1119 1921 ejus

123 1933 263 1999 inflexio
285 1931 445 2020 prodesse
466 1932 630 1997 credatur.
675 1931 773 1998 Unde
794 1933 948 2022 Moyses,
980 1934 1038 2020 qui
1068 1956 1119 1998 re·

121 2041 227 2118 :geute
251 2054 285 2096 se
307 2031 382 2097 Deo
404 2030 528 2096 deserti
549 2032 614 2095 iter
636 2039 736 2097 aerea
758 2031 911 2098 columna
939 2032 1022 2098 duee
1044 2055 1120 2119 per-

121 2133 250 2216 ¹gebat,
286 2153 359 2195 curn
390 2129 508 2194 Hobab
538 2141 713 2214 cognatum
747 2151 841 2194 suum
870 2152 890 2192 a
922 2132 1121 2215 gentilitatis

118 2231 383 2296 «conversatione
400 2229 504 2294 vellet
525 2227 668 2293 educere
691 2239 723 2293 et
736 2229 970 2314 omnipotentis
985 2229 1051 2293 Dei
1065 2227 1122 2294 do·

122 2330 226 2395 minio
248 2328 447 2416 subjugare,
472 2329 532 2393 ait:
561 2327 882 2400 Proficisoimur
904 2327 955 2392 ad
975 2327 1120 2408 locum,

128 2449 243 2513 quem
266 2427 465 2504 Dominus
487 2427 664 2492 daturus
687 2437 752 2493 est
772 2426 914 2494 nobis:
941 2429 1036 2492 veni
1057 2448 1121 2493 no·

126 2524 301 2606 bissum,
324 2536 367 2591 ut
387 2526 719 2592 benefaciamus
742 2527 840 2608 tibi;
864 2528 965 2613 quia
986 2527 1122 2594 Domi·

127 2649 205 2692 nus
241 2623 347 2691 bona
379 2627 576 2712 promisit
604 2626 772 2691 Israeli.
829 2626 911 2692 Oui
943 2649 1030 2693 oum
1060 2651 1119 2692 re-

123 2723 380 2813 spondisset
402 2724 486 2790 ille:
509 2725 597 2791 Non
621 2727 766 2792 vadam
788 2732 941 2805 tecum,
965 2726 1037 2792 sed
1059 2748 1120 2790 re·
1152 2803 1153 2806 Ἴ

126 2836 272 2890 vertar
294 2826 511 2889 interram
534 2847 672 2905 meam,
703 2828 743 2891 in
771 2847 852 2913 qua
873 2838 996 2891 natus
1019 2847 1121 2906 sum;
1189 2836 1193 2844 '

128 2922 219 2988 illieo
242 2923 411 3010 adjunxit:
443 2921 535 2987 Noli
556 2947 631 2988 nos
653 2923 917 3011 relinquere3
945 2934 988 2989 tu
1010 2923 1118 2987 enim
1178 2967 1179 2970 κ

127 3022 257 3102 nosti,
281 3023 325 3086 in
347 3022 498 3108 quibus
523 3021 627 3087 loeis
651 3044 723 3106 per
745 3021 955 3087 desertum
976 3030 1118 3087 eastra

127 3141 273 3208 ponere
297 3120 538 3203 debeamus,
568 3131 607 3184 et
629 3120 714 3186 eris
745 3120 894 3185 duetor
916 3130 1066 3186 noster.
1092 3117 1118 3207 ¹)
1190 3149 1204 3175 κ

131 3275 425 3288 ‚aunuum-a

163 3366 183 3426 ¹)
200 3365 276 3416 Num.
294 3362 335 3429 10,
353 3361 396 3417 29.
414 3369 461 3418 eto.
497 3363 600 3429 Ilobeb,
626 3365 671 3430 qui
689 3363 733 3416 hio
751 3363 845 3416 dieitur
862 3369 990 3430 cogitatus
1007 3365 1120 3433 Moysis,

194 3447 245 3500 fuit
261 3447 333 3501 tilius
351 3447 476 3516 Raguolis
493 3463 540 3502 seu
555 3449 687 3502 Jethronis
710 3449 1026 3514 sacerdotisMadinnites‚
1044 3451 1122 3522 eujus

194 3533 275 3622 filiam
292 3531 452 3604 Sephoram,
478 3533 580 3588 Hebabi
597 3550 727 3603 sororem,
753 3537 861 3604 Moyses
878 3549 984 3590 uxorem
1003 3537 1123 3593 durent.

799 3720 878 3784 688

638 3830 650 3845 ·’
760 3827 770 3860 t
