2556 4150
484 149 902 260 ...w-ii

170 323 340 398 meam
356 326 458 396 stura
478 315 670 402 tubum,
699 315 857 401 videlieet
873 315 1067 402 ‚anninus
1082 339 1174 408 aas!

132 461 137 470 ‚
169 413 364 506 ytemplando
384 424 565 502 appetunt,
593 414 654 480 sed
675 415 829 485 deorsam
849 439 983 504 quoque
1003 416 1050 486 ad
1066 437 1172 485 mem·

170 516 237 594 bra
258 513 350 583 illius
371 510 560 582 miserando
582 514 799 583 descendunt.
841 517 930 584 Hine
945 517 1082 605 Moyses
1099 537 1171 583 ore·

171 612 502 690 *brotabernaoulnm
513 613 617 680 intrat
638 616 766 699 etexit,
788 624 823 681 et
845 618 903 702 qni
924 616 1016 700 intus
1038 616 1076 682 in
1092 637 1171 684 eon·

173 712 423 799 templationem
451 713 600 799 rapitur,
637 713 721 780 foris
749 713 994 786 infirmantium
1023 716 1171 802 negotiis

173 827 322 896 urgetur.
365 813 461 878 Intus
482 813 550 878 Dei
578 836 703 882 aroana
724 813 933 899 considerat,
960 814 1043 883 foris
1065 837 1170 883 onera

174 913 490 998 earnaliumportat
535 911 603 992 Qui
624 913 665 980 de
680 912 783 981 rebus
803 936 935 1003 qnoque
947 915 1060 982 dubiis
1082 939 1168 1001 seme

171 1033 233 1098 per
255 1011 299 1088 ad
312 1010 562 1078 tabernaculum
575 1013 731 1094 recurrit,
754 1034 862 1078 eoram
879 1017 1070 1083 testamenti
1088 1036 1169 1091 area

154 1107 353 1181 ‘Dominum
375 1110 539 1192 consulit,
564 1111 750 1198 exemplum
773 1112 1010 1199 proculdubio
1032 1116 1167 1182 reatori·

172 1210 236 1278 bns
249 1211 429 1296 praebens,
442 1224 478 1275 nt
494 1233 568 1276 enm
579 1210 659 1276 soris
673 1212 861 1296 ambigunt,
884 1213 966 1300 quid
975 1213 1167 1301 disponant,

171 1310 216 1378 ad
237 1318 379 1377 merrtem
401 1331 533 1395 semper
555 1311 654 1396 quasi
674 1309 717 1374 ad
739 1310 994 1378 tabernaculum
1014 1312 1165 1394 redeant,

65 1481 68 1490 Α
173 1419 205 1473 et
227 1408 319 1472 velut
339 1427 448 1474 coram
463 1411 654 1475 testamenti
677 1431 757 1473 area
774 1409 953 1476 Dominum
976 1411 1165 1494 consulant,

168 1509 201 1574 si
222 1506 262 1570 de
282 1506 348 1586 his,
371 1508 542 1594 inquibus
564 1506 732 1589 dubitant,
754 1509 845 1596 apud
860 1511 1053 1597 semetipsos
1075 1512 1167 1578 intus

146 1643 148 1650 >
172 1607 260 1672 sacri
282 1605 408 1693 eloquii
429 1609 571 1693 paginas
600 1609 784 1692 requirant.
827 1609 915 1674 Hine
935 1611 1010 1694 ipsa
1030 1610 1167 1676 Veritas

170 1727 230 1792 per
252 1707 493 1792 susceptionem
515 1716 649 1770 nostrae
671 1705 890 1774 humanitatis
903 1707 1001 1773 nobis
1018 1717 1166 1792 ostensa,

169 1805 205 1870 in
235 1814 345 1873 monte
379 1805 520 1870 orationi
552 1803 723 1886 inhaeret,
760 1805 924 1872 miracula
951 1806 987 1872 in
1022 1803 1166 1870 urbibus

165 1916 319 1986 exercet,
337 1906 361 1992 ¹)
382 1905 577 1972 imitationis
590 1903 747 1984 videlieet
763 1906 851 1970 viam
871 1906 967 1970 bonis
979 1901 1166 1972 rectoribus

166 2015 340 2086 sternens3
370 2017 406 2072 ut
439 2007 503 2075 etsi
528 2006 600 2091 jam
628 2026 754 2070 summa
782 2003 1035 2091 oontemplando
1063 2023 1166 2088 appe·

167 2115 257 2188 runt,
281 2103 539 2173 necessitatibus
559 2117 668 2169 tumen
688 2104 925 2170 infirmantium
936 2099 1164 2188 compatiendo

171 2207 390 2286 misceantur3
420 2205 502 2290 quia
531 2215 612 2270 tune
641 2204 684 2271 ad
711 2203 782 2269 alta
811 2204 935 2268 caritas
966 2200 1161 2266 mirabiliter

168 2307 296 2388 surgit,
327 2327 401 2378 eum
430 2304 473 2368 ad
494 2304 561 2368 ima
593 2305 820 2390 proximordm
846 2323 883 2369 se
911 2300 1165 2382 misericorditer

171 2405 326 2484 attrahit3
348 2412 381 2468 et
393 2424 458 2488 qno
472 2402 618 2486 benigne
631 2401 803 2469 deseendit
816 2401 862 2466 ad
873 2399 999 2482 intima,
1013 2399 1164 2468 valenter

171 2503 314 2568 recurrit
329 2501 373 2566 sd
389 2523 527 2568 summa.
571 2501 670 2566 Tales
682 2510 793 2566 autem
813 2523 898 2585 sese,
921 2502 980 2587 qui
992 2508 1163 2586 praesunt,

160 2595 367 2681 exhibeant,
392 2600 514 2687 quibus
537 2599 682 2687 subjecti
699 2600 829 2668 oooulta
852 2623 985 2687 qnoque
1008 2623 1069 2666 sua
1091 2620 1164 2685 pro-

169 2699 250 2766 dere
278 2723 345 2766 non
373 2700 589 2783 erubescant,
625 2710 663 2777 ut
690 2720 763 2766 oum
797 2703 1016 2768 tentationum
1045 2699 1164 2782 fluetus

170 2798 468 2884 pervertebant,
490 2799 535 2866 ad
548 2800 693 2886 pastoris
713 2809 856 2865 mentem
873 2801 971 2886 quasi
990 2799 1035 2864 ad
1049 2798 1165 2864 matris

170 2901 280 2967 sinum
303 2910 495 2982 recurrant3
515 2898 638 2982 etheo,
663 2899 753 2985 quod
774 2921 811 2963 se
833 2899 1005 2984 inquinari
1028 2897 1163 2986 pulsan·

171 3001 218 3068 tis
247 2997 368 3082 eulpae
400 2999 556 3066 sordibus
577 2997 794 3086 praevident,
824 2995 1069 3064 exhortationis
1091 2999 1163 3086 ejus

172 3098 305 3181 solatio,
328 3119 369 3164 ao
390 3099 549 3186 lacrymis
572 3096 734 3163 orationis
745 3096 869 3162 lavent
912 3096 1010 3165 Unde
1032 3108 1066 3163 et
1086 3107 1163 3163 ante
1265 3147 1266 3152 η

169 3198 260 3269 fores
281 3197 398 3284 templi
411 3199 455 3264 ad
466 3196 651 3264 abluendas
661 3195 921 3281 ingredientium
937 3218 1056 3262 manns
1071 3218 1163 3267 mare

171 3318 328 3378 aeneum,
357 3294 392 3360 id
416 3304 467 3361 est
501 3295 643 3360 luterem
678 3293 850 3360 duodecim
882 3293 985 3361 boves
1006 3287 1161 3382 portant,

170 3396 229 3482 qui
252 3395 387 3484 quidem
408 3395 495 3460 faeie
518 3395 665 3462 exterius
687 3395 850 3475 eminent,
881 3393 1003 3460 sodex
1025 3398 1164 3479 posteri·

168 3581 171 3584 ’
197 3605 217 3667 ·)
235 3603 298 3659 rue.
317 3609 342 3674 o,
362 3604 401 3659 rr.
