2556 4150
445 124 719 218 '-4s-

120 340 259 388 neeesse
282 328 349 399 est,
371 324 409 382 ut
430 337 505 382 oum
525 320 655 406 peceati
679 317 801 384 vulnus
823 319 859 383 in
881 317 1024 385 subditis
1048 339 1119 387 oor-

119 417 263 506 rigendo
285 417 515 504 restringitur,
555 437 678 502 magna
701 438 736 482 se
768 417 988 484 sollieitudine
1021 419 1121 484 etiam

121 517 285 586 districtio
314 518 388 599 ipsa
416 517 620 583 moderetur:
652 525 818 604 quatenus
847 519 894 582 sio
918 519 998 603 jura
1022 515 1120 583 disti·

120 619 237 705 plinae
261 615 632 704 contrassdelinquautes
646 628 813 703 exerceat,
836 627 875 682 ut
895 617 1031 702 pietatis
1052 618 1118 682 vis·

122 739 202 784 cera
223 738 289 781 non
312 717 451 781 amittat.
495 715 690 781 Curandum
714 718 838 805 quippe
857 727 917 800 est,
954 726 990 782 ut
1012 723 1118 782 reato-

120 838 192 882 rem
215 813 359 882 subditis
382 824 415 880 et
435 824 576 880 matrem
598 817 725 901 pietas,
759 825 792 881 et
813 825 942 904 patrem
963 815 1121 883 exhibeat

121 916 310 1004 disciplina.
348 914 461 1003 Atque
476 914 1118 1002 interhaeosollieitaoireumspeotione

119 1013 372 1104 providendum,
393 1035 436 1080 ne
458 1023 518 1078 aut
540 1013 701 1082 districtio
724 1015 842 1101 rigida,
865 1014 924 1082 aut
945 1017 1053 1101 piatas
1077 1015 1120 1078 sit

120 1116 271 1181 remissa.
316 1113 402 1178 Nam
425 1115 511 1179 sieut
539 1114 576 1179 in
607 1115 703 1180 libris
732 1113 916 1181 moralibus
941 1117 1012 1202 jam
1034 1112 1119 1179 dixi·

120 1237 213 1297 mus,
231 1211 257 1300 1)
285 1213 463 1300 disciplina
484 1213 536 1278 vel
557 1214 786 1280 misericordia
808 1214 946 1281 multum
968 1215 1119 1281 destitui·

122 1325 191 1395 tur,
214 1315 330 1380 sinna
354 1314 426 1379 sine
447 1312 552 1379 altera
565 1321 728 1382 teneatur.
774 1313 841 1380 Sed
863 1337 944 1401 erga
968 1315 1118 1381 subditos

125 1435 201 1480 suos
222 1415 331 1481 inesse
354 1413 538 1481 rectoribus
561 1413 659 1479 debet
681 1423 715 1480 et
742 1417 836 1501 juste
858 1415 1036 1482 consulens
1058 1416 1118 1480 mi-

125 1511 319 1596 sericordia,
342 1525 376 1579 et
387 1514 444 1596 pie
466 1515 621 1580 saeviens
643 1513 828 1602 disciplina.
861 1513 951 1580 Hine
972 1535 1119 1603 namque

122 1623 191 1697 est,
216 1612 304 1700 quod
328 1613 467 1679 docente
491 1615 661 1696 Veritate,
677 1612 704 1701 ²)
733 1637 794 1702 per
817 1613 1021 1681 Samaritani
1051 1625 1135 1681 stu·-

121 1710 212 1778 dium
235 1713 413 1778 semivivus
435 1714 652 1781 instabulum
669 1715 813 1797 ducitur,
837 1715 996 1780 etvinum
1018 1724 1119 1800 atque

121 1809 233 1877 oleum
253 1810 447 1879 vulneribus
470 1815 542 1901 ejus
564 1813 755 1898 adhibetur,
778 1823 815 1880 ut
836 1836 895 1902 per
917 1815 1032 1883 viuum
1056 1814 1118 1878 soi-

121 1909 202 1974 lioet
222 1911 439 1978 mordeantur
455 1912 605 1996 vulnera,
628 1935 688 2002 per
713 1913 821 1980 oleum
839 1912 1027 1980 foveantur.
1056 1913 1120 1978 Ne·

124 2025 218 2072 cesse
241 2009 361 2096 quippe
384 2023 449 2096 est,
474 2023 528 2094 ut,
561 2013 714 2099 quisquis
737 2013 897 2080 sanandis
919 2011 1119 2097 vulneribus

121 2119 274 2192 praeest,
303 2111 339 2176 in
360 2114 436 2179 vino
458 2135 602 2178 morsum
623 2111 745 2178 doloris
776 2110 958 2195 adhibeat,
988 2115 1022 2177 in
1045 2110 1117 2176 oleo

120 2207 290 2275 mollitiem
310 2213 464 2298 pietatis,
493 2222 661 2301 quatenus
689 2213 887 2296 parvinum
915 2210 1116 2278 mundentur

118 2310 274 2395 putrida,
303 2333 363 2401 per
395 2312 504 2378 oleum
533 2303 712 2380 foveantur
739 2311 899 2378 sananda.
943 2309 1116 2376 Miscenda

120 2429 199 2493 argo
215 2421 265 2476 est
286 2410 409 2478 lenitas
431 2433 505 2477 oum
521 2413 720 2494 severitate;
742 2411 933 2478 faoiendum
950 2407 1116 2496 quoddam

119 2529 164 2572 ex
183 2519 326 2598 utroque
348 2520 655 2598 temperamentum,
677 2521 715 2578 ut
735 2534 844 2598 neque
857 2509 962 2577 multa
986 2509 1116 2597 asperi·

118 2616 187 2676 tate
210 2609 452 2678 exulcerentur
473 2609 617 2693 subditi,
648 2632 757 2699 neque
778 2611 883 2678 nimia
903 2609 1115 2694 benignitate
1208 2693 1212 2700 ²

118 2707 303 2777 solvantur.
347 2709 445 2790 Quod
474 2712 576 2796 juxta
599 2711 697 2778 Pauli
728 2731 840 2779 vooem
869 2711 956 2778 bene
987 2708 1044 2774 illa
1066 2718 1116 2774 ta-

116 2805 294 2875 bernaculi
317 2829 394 2874 area
416 2810 595 2895 signifieat,
623 2815 658 2878 in
682 2834 749 2898 qua
771 2833 846 2878 oum
870 2809 996 2876 tabulis
1018 2810 1117 2894 virga

123 2981 409 2996 *nn—nnn·—

147 3085 166 3148 ¹)
184 3083 242 3138 Lib.
251 3087 312 3140 XX.
323 3090 414 3144 Moral.
425 3092 487 3160 Cap.
498 3096 524 3148 8.
539 3091 605 3160 (alit.
619 3107 640 3144 a.
655 3092 680 3146 5.
695 3107 721 3145 u.
736 3090 787 3154 14.)
805 3090 873 3159 quod
883 3093 963 3141 totum
982 3090 1012 3142 de
1022 3089 1072 3141 hae
1088 3103 1117 3142 ra

188 3174 287 3238 mactat,
296 3177 321 3224 et
328 3174 505 3244 hujuscemodi
515 3177 666 3246 inscriptum
678 3181 733 3230 est:
753 3175 845 3245 „Quod
855 3178 882 3229 in
892 3172 1116 3245 praelatisEoela·

189 3255 247 3308 sias
264 3269 323 3310 sesa
333 3259 466 3328 complecti
476 3262 585 3316 debeant
597 3268 621 3315 et
630 3261 738 3316 affectus
748 3262 943 3316 misericordiae
956 3266 982 3314 st
990 3257 1116 3312 districtio

186 3341 369 3412 disciplinata¹
404 3346 568 3416 „Dissiplina
591 3348 673 3415 anim,
697 3349 735 3402 ait
752 3346 780 3400 S.
799 3346 915 3416 Gregor,
939 3344 981 3399 vel
1007 3342 1115 3395 miseri-

186 3429 275 3483 ooriia
292 3427 403 3482 multum
420 3431 578 3501 destituitur,
610 3434 633 3486 si
649 3447 702 3487 una
719 3433 776 3508 sine
800 3433 885 3488 altera
901 3433 1026 3485 teneatur.
1065 3426 1115 3495 Sed

185 3514 258 3569 eirea
275 3515 394 3569 subditos
412 3529 475 3570 suos
494 3519 581 3572 inesse
598 3519 741 3572 rectoribus
753 3519 827 3573 debat
845 3525 871 3574 st
883 3519 957 3589 justa
974 3513 1114 3570 consolans

185 3601 364 3658 misericordia
381 3605 407 3658 at
424 3603 467 3674 pia
485 3601 604 3658 saeviens
621 3601 787 3672 disciplinas
806 3633 839 3645 -
865 3603 887 3674 ²)
904 3601 967 3658 Iura
986 3599 1028 3670 10,
1045 3597 1088 3654 at.

809 3706 830 3770 3
