2520 4152
485 197 525 226 ..-
555 165 629 256 ιιι
672 201 709 223 ...

86 335 248 421 diligant,
270 349 312 399 ne
331 330 484 406 subsidia
502 331 637 422 itineris
661 332 698 398 in
710 327 1091 418 ohroeatapamatta

87 434 148 508 ,nis
169 439 312 514 vomant,
333 454 374 496 ne
396 441 558 501 nocturno
579 427 814 499 lunaelnrnine
834 427 1001 510 deleoteti,
1018 427 1089 501 vcta

88 533 227 612 ⁴ritatem
259 529 339 596 eolis
368 525 481 601 videre
510 528 690 614 refugiant
732 527 943 595 Admonendi
976 529 1090 612 itaque
1143 560 1145 564 v

87 639 192 712 aunt,
214 638 252 696 nt
274 649 429 716 quaeque
452 630 489 694 iu
512 627 574 692 lroc
603 626 725 694 mundo
747 635 1011 713 consequuntur,
1034 649 1090 701 oa.-

88 727 254 806 larnitatie
275 725 416 810 solatia,
445 750 513 798 non
545 735 656 796 autam
674 725 836 811 praemia
864 723 1091 798 retributionis

88 825 243 908 credant,
271 825 333 892 aed
355 839 473 895 contra
493 826 628 892 favores
649 824 763 890 mundi
785 833 926 892 mentem
946 826 1090 909 erigant,

91 948 137 994 ne
163 927 196 992 in
226 926 276 990 eie
305 948 349 990 ex
376 937 446 992 tota
474 923 580 991 cordis
610 922 829 994 delectatione
849 922 1089 1029 succumbant.

93 1024 293 1110 Quisquis
282 1023 368 1091 enim
390 1024 667 1110 prosperitatem,
690 1045 757 1108 qna
779 1024 911 1103 utitur,
932 993 1052 1108 apud
1037 1045 1092 1109 Jn·

89 1123 216 1192 dicium
239 1121 346 1187 cordis
367 1120 514 1192 melioris
536 1122 625 1186 vitae
639 1141 755 1188 amore
771 1143 838 1189 non
855 1121 1019 1206 reprimit,
1041 1119 1092 1190 fa·

52 1279 55 1286 ,
92 1245 209 1290 rorem
234 1221 324 1319 uitae
353 1222 557 1288 nauseantis
584 1221 620 1286 in
648 1220 762 1293 mortis
791 1231 974 1307 perpetuen
996 1235 1089 1294 occa·

91 1323 221 1390 aionem
245 1289 353 1388 vertit
395 1318 483 1387 Hmo
495 1321 655 1402 estonam,
677 1317 765 1404 quod
782 1317 845 1387 sub
857 1317 1091 1394 idumaeorum

94 1441 205 1508 ppec1e
214 1467 224 1501 ,
253 1421 310 1504 qui
338 1419 517 1486 vincendos
540 1442 575 1485 ee
604 1417 818 1513 prosperitati
841 1439 921 1483 suae
943 1417 1090 1504 relique,-

94 1527 191 1601 runt,
223 1519 258 1584 in
290 1515 391 1606 hujus
412 1517 527 1583 mundi
555 1514 763 1585 successibus
795 1513 994 1592 laetantes
985 1537 1090 1591 more

92 1627 236 1704 pnntnr,
259 1637 333 1682 cum
354 1615 492 1685 dicitnrt
527 1615 750 1683 Dedernnt
778 1627 938 1680 terram
967 1637 1092 1692 msam

93 1715 224 1796 prbi
215 1738 257 1780 ιιι
286 1713 573 1784 hereditatem
606 1735 693 1786 enm
721 1713 898 1798 gaudio,
932 1724 1091 1791 ettoto

92 1814 214 1894 ¹corde
245 1823 286 1879 et
314 1816 540 1883 exanimo.
566 1811 590 1898 ¹)
642 1811 776 1893 Quibus
803 1811 916 1886 verbis
949 1836 1091 1902 perpen-

94 1912 209 1994 ¹ditur,
233 1909 323 2000 quod
356 1935 424 1979 non
445 1913 569 1994 solum,
599 1913 680 1998 quia
705 1911 891 1996 gaudeant,
923 1913 982 1981 aed
1004 1911 1094 2000 quod

95 2021 164 2088 toto
187 2011 286 2078 corde
309 2020 395 2076 etex
418 2013 528 2077 animo
543 2009 725 2096 gaudeant,
748 2012 900 2081 districta
912 2013 1093 2100 reprehens

66 2141 70 2150 ·
96 2110 188 2176 sione
209 2110 382 2176 feriantur.
425 2109 514 2174 Hine
536 2109 693 2175 Salomon
715 2111 781 2176 ait:
799 2110 980 2176 Aversio
1002 2132 1093 2196 per·

95 2209 292 2304 pulcrum
327 2209 582 2275 interficiet
617 2231 702 2291 eos,
737 2219 777 2274 et
811 2209 1092 2296 prosperitas

95 2307 323 2376 stultorum
348 2308 498 2394 perdet
519 2309 632 2378 illos.
652 2307 678 2394 ²)
721 2309 808 2376 Hinc
830 2307 958 2374 Paulus
979 2308 1091 2382 admor

95 2417 154 2486 pet
175 2407 301 2475 dicens:
333 2409 414 2488 Qui
436 2418 593 2492 emunt,
597 2475 599 2478 ,
623 2419 833 2496 tamquam
855 2431 936 2475 non
961 2409 1091 2494 possi·

97 2505 270 2588 dentes,
302 2519 341 2574 et
376 2509 453 2594 qni
484 2499 665 2582 utuntu'r¹
692 2507 767 2574 hoo
794 2507 962 2592 mundo,
994 2521 1091 2582 tam

97 2624 226 2692 quarn
251 2626 332 2672 non
360 2617 552 2672 utantur.
572 2604 599 2693 3)
648 2607 695 2673 Ut
722 2607 874 2674 videlicet
903 2611 951 2676 sic
979 2609 1092 2692 nobie,

96 2723 184 2792 quae
206 2715 407 2792 suppetunt,
438 2708 584 2773 exterius
612 2709 780 2788 serviant,
805 2721 971 2795 quatenus
994 2733 1014 2772 a
1037 2729 1092 2774 au·

96 2818 227 2888 pernae
243 2801 514 2890 delectationisl)
538 2805 647 2872 studio
659 2807 803 2873 animum
816 2829 884 2878 ιιοιι
901 2807 1093 2888 inflectant3

96 2923 140 2966 ne
163 2901 289 2967 luctum
311 2905 407 2969 nobis
432 2905 583 2970 internae
605 2906 887 2992 peregrinationis
905 2915 1092 2992 temperent

23 3089 30 3092 .
98 3019 150 3082 ea,
182 3021 268 3088 qnae
300 3004 337 3068 in
357 3002 459 3069 exilio
489 3003 608 3091 positis
634 3001 819 3069 subsidium
847 3003 1028 3087 praebent,
1057 3009 1093 3068 et

97 3101 197 3186 qnasi
216 3099 363 3166 felices
353 3122 389 3164 ιιι
410 3101 613 3166 transitoriis
634 3119 702 3165 non
724 3101 942 3185 gaudeamus,
966 3104 1023 3188 qui
1046 3101 1090 3168 ab

96 3198 245 3268 amoreis
265 3219 328 3264 nos
350 3185 481 3265 interim
509 3200 650 3264 miseros
665 3199 851 3264 cernimus
891 3199 978 3267 Hinc
999 3221 1092 3266 nam·

98 3313 163 3388 que
186 3303 247 3384 eit,
271 3298 360 3386 qnod
381 3297 558 3366 electorum
571 3319 651 3363 voce
668 3295 759 3363 dicit
770 3295 936 3367 Ecclesia:
957 3299 1093 3396 Laeva

101 3493 145 3598 JJ)
162 3525 255 3583 Erae.
272 3525 315 3596 36,
332 3527 359 3583 dr
382 3555 421 3590 ‚-—
448 3503 469 3596 3)
487 3499 610 3594 Proui,
627 3523 670 3580 32.
687 3499 728 3572 .ss
753 3525 774 3595 3)
793 3527 816 3584 l.
835 3477 955 3594 coruli,
971 3525 1025 3593 30
1040 3557 1072 3566 -

165 3611 264 3688 ‘iniit
292 3613 445 3680 dilectionis
674 3658 687 3668 ,,
768 3641 770 3646 «
916 3633 930 3646 ··
969 3651 973 3662 .
