2556 4150
526 157 649 226 ...ᾖ
692 195 729 208 .-

121 327 213 414 qu'ni
236 347 278 389 ex
300 323 388 390 bono
409 325 540 410 patriae
562 323 715 392 coelestis
736 319 901 405 audierit„
920 320 965 388 ad
985 321 1048 392 hoc
1073 322 1123 388 ni·

123 428 248 498 mirum
268 445 447 510 perversae
471 423 721 490 consuetudinis
748 410 894 507 pondere
919 442 1123 508 praegrava·

124 535 182 591 tus
203 524 312 590 cordis
333 523 453 588 faciem
473 547 541 592 non
560 523 697 590 attollit:
720 523 800 610 quia
822 522 1032 606 cogitationis
1055 531 1122 588 sta*

124 632 196 689 tum
218 623 346 712 erigere
367 645 436 688 non
456 621 566 705 valet,
596 645 695 709 quem
715 630 870 690 terrenae
899 643 981 690 usus
1004 620 1122 688 sollici·

125 720 254 790 tudinis
274 743 411 788 curvum
428 731 529 788 tenet
565 723 620 788 Ex
634 721 750 791 horum
762 721 886 809 quippe
901 723 1010 808 specie
1026 720 1122 791 Psal-

124 825 225 890 mista
253 822 347 888 dicit:
384 822 649 888 Inous-vatus
680 844 766 891 sum
801 833 842 886 et
869 819 1122 890 humiliatus

126 944 210 990 sum
226 943 551 1009 usquequaque.
565 919 590 1008 ²)
615 921 766 1002 Quorum
779 919 1123 1010 culpamquoqueper
1149 945 1151 949 ·

124 1023 339 1108 semetipsam
350 1021 485 1086 Veritas
499 1019 696 1106 reprobans,
720 1020 784 1086 ait:
808 1018 952 1096 Somou
975 1028 1121 1106 autem,

124 1120 240 1209 quod
264 1122 306 1186 in
330 1121 470 1204 spinis
492 1118 665 1202 cecidit,
687 1117 731 1186 hi
753 1130 868 1203 sunt,
891 1121 960 1207 qui
982 1122 1122 1190 audie·

111 1209 222 1287 ‘runt
249 1218 441 1300 verbum,
473 1229 513 1285 et
543 1240 563 1283 a
594 1216 973 1286 sollicitudinibus
1006 1230 1044 1285 et
1065 1222 1122 1287 di·

123 1318 247 1384 vitiis
276 1327 317 1383 et
344 1316 652 1403 voluptatibus
679 1321 793 1386 vitae
823 1328 969 1385 euntes
992 1320 1121 1393 suffo-

6 1447 8 1454 >
126 1426 288 1498 eantur,
313 1427 352 1482 et
372 1439 452 1482 non
474 1417 673 1484 referunt
701 1419 896 1484 fructum.
921 1417 949 1505 ²)
990 1418 1122 1508 Lippus

123 1538 202 1583 vero
232 1525 301 1597 est,
335 1515 431 1580 euius
459 1515 591 1601 quidem
624 1518 796 1602 ingenium
826 1517 868 1584 ad
898 1521 1121 1604 cognitionem

121 1617 275 1680 veritatis
298 1615 432 1694 emicat,
467 1612 527 1680 sed
547 1626 660 1682 tamen
682 1614 743 1683 hcc
764 1616 915 1683 carnalia
938 1640 1043 1702 opera
1064 1619 1122 1688 cb·

122 1723 267 1780 seurant.
320 1715 361 1779 In
395 1714 497 1801 lippis
531 1716 654 1801 quippe
692 1715 795 1781 oeulis
833 1715 981 1804 pupillae
1016 1715 1121 1792 senae

122 1823 220 1895 sunt,
255 1814 313 1878 sed
343 1816 482 1880 humore
516 1815 681 1880 defluente
716 1814 901 1881 infirmatae
934 1815 1121 1904 palpebrae
1244 1813 1246 1818 ¹

124 1921 353 1994 grossescunt3
383 1935 523 1999 quorum
546 1916 627 2000 quia
645 1914 814 1980 infusione
833 1915 948 1981 erebro
970 1925 1119 1982 atterune
1219 1918 1222 1923 ’

124 2019 197 2090 tur,
222 2011 320 2074 etiam
341 2014 428 2078 acies
450 2012 601 2100 pupillae
620 2014 768 2080 vitiatur.
802 2013 848 2081 Et
863 2025 939 2080 sunt
954 2016 1120 2100 nonnulli,

125 2129 264 2194 quorum
286 2132 418 2176 sensum
440 2112 586 2178 carnalis
608 2114 700 2177 vitae
723 2112 871 2198 operatio
894 2113 1034 2196 sauciat,
1061 2118 1121 2202 qui

123 2207 237 2272 videre
260 2219 351 2301 recta
374 2209 542 2276 subtiliter
570 2233 631 2300 per
659 2212 831 2294 ingenium
852 2221 1026 2299 poterant,
1062 2214 1120 2281 sed

121 2329 185 2374 usu
206 2329 387 2394 pravorum
409 2320 543 2376 actuum
565 2311 721 2394 caligant.
763 2307 891 2398 Lippus
918 2313 1032 2398 itaque
1056 2325 1118 2398 est,

121 2408 217 2494 eujus
247 2428 380 2474 sensum
414 2419 538 2476 natura
573 2411 725 2492 exacuit,
763 2410 821 2475 sed
855 2414 1119 2480 conversationis

119 2506 270 2590 pravitas
292 2506 471 2574 confundit.
518 2510 582 2575 cui
603 2507 689 2575 bene
711 2533 772 2597 per
793 2508 961 2594 Angelum
984 2511 1116 2584 dicitur:

120 2603 313 2691 Collyrio
343 2607 506 2694 inunge
536 2610 682 2676 oculos
704 2620 814 2693 tuos,
843 2618 887 2674 ut
908 2608 1065 2676 videas.
1089 2610 1117 2699 3)

120 2701 267 2790 Collyrio
299 2706 425 2791 quippe
455 2707 586 2789 oculos,
621 2718 658 2774 ut
682 2703 876 2786 videamus,
913 2709 1118 2794 inungimus,

118 2823 193 2868 cum
214 2804 258 2869 ad
283 2806 546 2904 cogposcendam
566 2809 639 2874 veri
661 2807 795 2876 luminis
816 2806 1004 2877 claritatem
1017 2811 1116 2875 intel-

118 2900 225 2969 lectus
257 2905 362 2970 nostri
395 2908 499 2970 aciem
527 2905 744 2973 medicamine
772 2907 879 2972 bonae
912 2909 1117 2994 operationis

118 2999 327 3086 adjuvamus.
368 3003 584 3088 Albuginem
602 3028 682 3072 vero
710 3003 815 3076 habet
842 3007 878 3072 in
908 3007 1023 3090 oculo,
1057 3008 1117 3097 qui
1183 3017 1185 3021 '

117 3098 270 3164 veritatis
289 3100 395 3168 lucem
415 3103 528 3169 videre
549 3127 619 3172 non
641 3104 779 3186 sinitur3
812 3107 892 3191 quia
919 3111 1117 3193 arrogantia

117 3197 316 3283 sapientiae
336 3223 396 3268 seu
418 3204 572 3289 justitiae
602 3212 767 3270 caecatur.
818 3204 949 3292 Pupilla
969 3228 1115 3293 namque

117 3293 209 3362 oculi
241 3298 340 3382 nigra
371 3300 480 3386 videt,
516 3302 712 3388 albuginem
738 3302 891 3374 ,tolerans
926 3303 973 3372 nil
1005 3303 1113 3390 videt3

117 3395 197 3481 quia
218 3397 377 3466 videlicet
405 3421 525 3470 sensus
544 3399 712 3472 humanae
736 3401 949 3487 cogitationis
976 3404 1004 3470 si
1029 3402 1112 3478 stul-

151 3604 175 3676 ¹)
192 3607 263 3663 Psal.
281 3609 326 3682 37,
345 3610 369 3667 7.
390 3640 419 3652 -
441 3611 461 3680 Ι)
478 3610 586 3683 Lucii,
604 3613 654 3679 14.Ι
666 3641 695 3654 -
718 3611 738 3680 ³)
758 3614 838 3682 Apoe.
849 3613 881 3762 ἒ,
898 3611 940 3670 18.
974 3675 977 3684 ‚
