<?xml version="1.0" encoding="UTF-8"?>
<!DOCTYPE html PUBLIC "-//W3C//DTD XHTML 1.0 Transitional//EN"
    "http://www.w3.org/TR/xhtml1/DTD/xhtml1-transitional.dtd">
<html xmlns="http://www.w3.org/1999/xhtml" xml:lang="en" lang="en">
 <head>
  <title>
</title>
<meta http-equiv="Content-Type" content="text/html;charset=utf-8" />
  <meta name='ocr-system' content='tesseract 3.04.00' />
  <meta name='ocr-capabilities' content='ocr_page ocr_carea ocr_par ocr_line ocrx_word'/>
</head>
<body>
  <div class='ocr_page' id='page_1' title='image "./sgregoriipapaei00westgoog_0137.png"; bbox 0 0 2554 4172; ppageno 0'>
   <div class='ocr_carea' id='block_1_1' title="bbox 565 191 791 256">
    <p class='ocr_par' dir='ltr' id='par_1_1' title="bbox 565 191 791 256">
     <span class='ocr_line' id='line_1_1' title="bbox 565 191 791 256; baseline -0.013 0"><span class='ocrx_word' id='word_1_1' title='bbox 565 191 791 256; x_wconf 80' lang='lat' dir='ltr'><strong>-tte-</strong></span> 
     </span>
    </p>
   </div>
   <div class='ocr_carea' id='block_1_2' title="bbox 131 349 1262 3514">
    <p class='ocr_par' dir='ltr' id='par_1_2' title="bbox 131 349 1262 3295">
     <span class='ocr_line' id='line_1_2' title="bbox 180 349 1191 444; baseline -0.004 -22"><span class='ocrx_word' id='word_1_2' title='bbox 180 356 257 424; x_wconf 85' lang='lat' dir='ltr'><strong>citis</strong></span> <span class='ocrx_word' id='word_1_3' title='bbox 275 353 385 430; x_wconf 84' lang='lat' dir='ltr'><strong>-debet</strong></span> <span class='ocrx_word' id='word_1_4' title='bbox 395 404 406 438; x_wconf 90' lang='lat'><em>‚</em></span> <span class='ocrx_word' id='word_1_5' title='bbox 440 356 521 444; x_wconf 85' lang='lat' dir='ltr'><strong>quia</strong></span> <span class='ocrx_word' id='word_1_6' title='bbox 547 354 627 422; x_wconf 90' lang='lat' dir='ltr'><strong>dum</strong></span> <span class='ocrx_word' id='word_1_7' title='bbox 658 353 823 444; x_wconf 84' lang='lat' dir='ltr'><strong>quaedam</strong></span> <span class='ocrx_word' id='word_1_8' title='bbox 851 355 934 422; x_wconf 79' lang='lat' dir='ltr'><strong>vitia</strong></span> <span class='ocrx_word' id='word_1_9' title='bbox 962 355 1097 438; x_wconf 86' lang='lat' dir='ltr'><strong>ineante</strong></span> <span class='ocrx_word' id='word_1_10' title='bbox 1125 349 1191 423; x_wconf 81' lang='lat' dir='ltr'><strong>su·.</strong></span> 
     </span>
     <span class='ocr_line' id='line_1_3' title="bbox 179 452 1258 542; baseline -0.003 -22"><span class='ocrx_word' id='word_1_11' title='bbox 179 456 297 542; x_wconf 86' lang='lat' dir='ltr'><strong>ginnt,</strong></span> <span class='ocrx_word' id='word_1_12' title='bbox 320 455 452 522; x_wconf 89' lang='lat' dir='ltr'><strong>ooonlte</strong></span> <span class='ocrx_word' id='word_1_13' title='bbox 475 454 694 522; x_wconf 88' lang='lat' dir='ltr'><strong>deterioribus</strong></span> <span class='ocrx_word' id='word_1_14' title='bbox 715 453 936 542; x_wconf 72' lang='lat' dir='ltr'><strong>implicantur.</strong></span> <span class='ocrx_word' id='word_1_15' title='bbox 979 452 1186 538; x_wconf 83' lang='lat' dir='ltr'><strong>Namsaope&#39;</strong></span> <span class='ocrx_word' id='word_1_16' title='bbox 1257 483 1258 490; x_wconf 43' lang='lat'>¹</span> 
     </span>
     <span class='ocr_line' id='line_1_4' title="bbox 182 549 1193 642; baseline -0.003 -23"><span class='ocrx_word' id='word_1_17' title='bbox 182 554 334 642; x_wconf 87' lang='lat' dir='ltr'><strong>linguam</strong></span> <span class='ocrx_word' id='word_1_18' title='bbox 356 555 435 642; x_wconf 88' lang='lat' dir='ltr'><strong>quia</strong></span> <span class='ocrx_word' id='word_1_19' title='bbox 464 553 711 620; x_wconf 76' lang='lat' dir='ltr'><strong>immoderatius</strong></span> <span class='ocrx_word' id='word_1_20' title='bbox 730 551 884 637; x_wconf 79' lang='lat' dir='ltr'><strong>frenant,</strong></span> <span class='ocrx_word' id='word_1_21' title='bbox 918 555 954 618; x_wconf 91' lang='lat' dir='ltr'><strong>in</strong></span> <span class='ocrx_word' id='word_1_22' title='bbox 983 549 1081 618; x_wconf 88' lang='lat' dir='ltr'><strong>eorde</strong></span> <span class='ocrx_word' id='word_1_23' title='bbox 1102 571 1193 636; x_wconf 63' lang='lat' dir='ltr'><strong>gra.</strong></span> 
     </span>
     <span class='ocr_line' id='line_1_5' title="bbox 180 651 1183 740; baseline -0.008 -19"><span class='ocrx_word' id='word_1_24' title='bbox 180 655 258 720; x_wconf 86' lang='lat' dir='ltr'><strong>vius</strong></span> <span class='ocrx_word' id='word_1_25' title='bbox 279 651 528 739; x_wconf 82' lang='lat' dir='ltr'><strong>multiloquium</strong></span> <span class='ocrx_word' id='word_1_26' title='bbox 556 652 717 734; x_wconf 83' lang='lat' dir='ltr'><strong>tolerant3</strong></span> <span class='ocrx_word' id='word_1_27' title='bbox 742 663 780 720; x_wconf 91' lang='lat' dir='ltr'><strong>ut</strong></span> <span class='ocrx_word' id='word_1_28' title='bbox 802 676 841 719; x_wconf 93' lang='lat' dir='ltr'><strong>eo</strong></span> <span class='ocrx_word' id='word_1_29' title='bbox 863 652 938 740; x_wconf 92' lang='lat' dir='ltr'><strong>plus</strong></span> <span class='ocrx_word' id='word_1_30' title='bbox 960 651 1183 737; x_wconf 84' lang='lat' dir='ltr'><strong>cogitationes</strong></span> 
     </span>
     <span class='ocr_line' id='line_1_6' title="bbox 181 749 1181 839; baseline -0.003 -22"><span class='ocrx_word' id='word_1_31' title='bbox 181 753 218 820; x_wconf 92' lang='lat' dir='ltr'><strong>in</strong></span> <span class='ocrx_word' id='word_1_32' title='bbox 239 764 347 818; x_wconf 88' lang='lat' dir='ltr'><strong>mente</strong></span> <span class='ocrx_word' id='word_1_33' title='bbox 369 753 544 830; x_wconf 78' lang='lat' dir='ltr'><strong>ferveant,</strong></span> <span class='ocrx_word' id='word_1_34' title='bbox 574 774 639 839; x_wconf 91' lang='lat' dir='ltr'><strong>quo</strong></span> <span class='ocrx_word' id='word_1_35' title='bbox 669 751 749 817; x_wconf 84' lang='lat' dir='ltr'><strong>illes</strong></span> <span class='ocrx_word' id='word_1_36' title='bbox 778 751 928 817; x_wconf 87' lang='lat' dir='ltr'><strong>violenta</strong></span> <span class='ocrx_word' id='word_1_37' title='bbox 956 749 1106 816; x_wconf 77' lang='lat' dir='ltr'><strong>custodia</strong></span> <span class='ocrx_word' id='word_1_38' title='bbox 1126 749 1181 814; x_wconf 89' lang='lat' dir='ltr'><strong>in·</strong></span> 
     </span>
     <span class='ocr_line' id='line_1_7' title="bbox 180 849 1181 937; baseline -0.002 -22"><span class='ocrx_word' id='word_1_39' title='bbox 180 852 319 934; x_wconf 82' lang='lat' dir='ltr'><strong>disereti</strong></span> <span class='ocrx_word' id='word_1_40' title='bbox 355 851 480 918; x_wconf 90' lang='lat' dir='ltr'><strong>silentii</strong></span> <span class='ocrx_word' id='word_1_41' title='bbox 512 861 680 936; x_wconf 86' lang='lat' dir='ltr'><strong>angustat.</strong></span> <span class='ocrx_word' id='word_1_42' title='bbox 731 849 828 932; x_wconf 76' lang='lat' dir='ltr'><strong>Quae</strong></span> <span class='ocrx_word' id='word_1_43' title='bbox 857 849 1055 937; x_wconf 90' lang='lat' dir='ltr'><strong>plerumque</strong></span> <span class='ocrx_word' id='word_1_44' title='bbox 1083 859 1181 916; x_wconf 85' lang='lat' dir='ltr'><strong>tanto</strong></span> 
     </span>
     <span class='ocr_line' id='line_1_8' title="bbox 180 949 1182 1036; baseline -0.005 -20"><span class='ocrx_word' id='word_1_45' title='bbox 180 949 285 1018; x_wconf 88' lang='lat' dir='ltr'><strong>latius</strong></span> <span class='ocrx_word' id='word_1_46' title='bbox 307 949 480 1031; x_wconf 88' lang='lat' dir='ltr'><strong>diffluunt,</strong></span> <span class='ocrx_word' id='word_1_47' title='bbox 509 959 634 1036; x_wconf 81' lang='lat' dir='ltr'><strong>quanto</strong></span> <span class='ocrx_word' id='word_1_48' title='bbox 658 971 693 1014; x_wconf 88' lang='lat' dir='ltr'><strong>se</strong></span> <span class='ocrx_word' id='word_1_49' title='bbox 715 972 789 1016; x_wconf 86' lang='lat' dir='ltr'><strong>esse</strong></span> <span class='ocrx_word' id='word_1_50' title='bbox 812 952 962 1016; x_wconf 81' lang='lat' dir='ltr'><strong>securius</strong></span> <span class='ocrx_word' id='word_1_51' title='bbox 989 950 1182 1030; x_wconf 89' lang='lat' dir='ltr'><strong>aestimant,</strong></span> 
     </span>
     <span class='ocr_line' id='line_1_9' title="bbox 180 1045 1180 1136; baseline -0.003 -21"><span class='ocrx_word' id='word_1_52' title='bbox 180 1052 262 1136; x_wconf 88' lang='lat' dir='ltr'><strong>quia</strong></span> <span class='ocrx_word' id='word_1_53' title='bbox 289 1051 372 1116; x_wconf 88' lang='lat' dir='ltr'><strong>foris</strong></span> <span class='ocrx_word' id='word_1_54' title='bbox 400 1073 421 1114; x_wconf 85' lang='lat' dir='ltr'><strong>a</strong></span> <span class='ocrx_word' id='word_1_55' title='bbox 448 1045 747 1136; x_wconf 81' lang='lat' dir='ltr'><strong>reprehensoribus</strong></span> <span class='ocrx_word' id='word_1_56' title='bbox 772 1072 840 1114; x_wconf 91' lang='lat' dir='ltr'><strong>non</strong></span> <span class='ocrx_word' id='word_1_57' title='bbox 868 1049 1035 1116; x_wconf 88' lang='lat' dir='ltr'><strong>videntur.</strong></span> <span class='ocrx_word' id='word_1_58' title='bbox 1079 1045 1180 1112; x_wconf 85' lang='lat' dir='ltr'><strong>Unde</strong></span> 
     </span>
     <span class='ocr_line' id='line_1_10' title="bbox 181 1138 1181 1232; baseline -0.003 -16"><span class='ocrx_word' id='word_1_59' title='bbox 181 1138 421 1232; x_wconf 81' lang='lat' dir='ltr'><strong>nonnunquam</strong></span> <span class='ocrx_word' id='word_1_60' title='bbox 442 1169 534 1212; x_wconf 87' lang='lat' dir='ltr'><strong>mena</strong></span> <span class='ocrx_word' id='word_1_61' title='bbox 556 1148 591 1211; x_wconf 92' lang='lat' dir='ltr'><strong>in</strong></span> <span class='ocrx_word' id='word_1_62' title='bbox 615 1146 804 1231; x_wconf 87' lang='lat' dir='ltr'><strong>superbiam</strong></span> <span class='ocrx_word' id='word_1_63' title='bbox 827 1147 1013 1230; x_wconf 87' lang='lat' dir='ltr'><strong>extollitur,</strong></span> <span class='ocrx_word' id='word_1_64' title='bbox 1040 1159 1073 1212; x_wconf 91' lang='lat' dir='ltr'><strong>et</strong></span> <span class='ocrx_word' id='word_1_65' title='bbox 1095 1168 1181 1232; x_wconf 91' lang='lat' dir='ltr'><strong>quos</strong></span> 
     </span>
     <span class='ocr_line' id='line_1_11' title="bbox 179 1246 1180 1336; baseline -0.005 -21"><span class='ocrx_word' id='word_1_66' title='bbox 179 1248 356 1336; x_wconf 87' lang='lat' dir='ltr'><strong>loquentes</strong></span> <span class='ocrx_word' id='word_1_67' title='bbox 385 1246 495 1328; x_wconf 85' lang='lat' dir='ltr'><strong>audit,</strong></span> <span class='ocrx_word' id='word_1_68' title='bbox 528 1247 626 1332; x_wconf 89' lang='lat' dir='ltr'><strong>quasi</strong></span> <span class='ocrx_word' id='word_1_69' title='bbox 658 1247 804 1312; x_wconf 89' lang='lat' dir='ltr'><strong>infirmos</strong></span> <span class='ocrx_word' id='word_1_70' title='bbox 833 1248 985 1334; x_wconf 83' lang='lat' dir='ltr'><strong>despicit.</strong></span> <span class='ocrx_word' id='word_1_71' title='bbox 1028 1246 1180 1332; x_wconf 80' lang='lat' dir='ltr'><strong>Cumque</strong></span> 
     </span>
     <span class='ocr_line' id='line_1_12' title="bbox 178 1339 1186 1430; baseline -0.004 -16"><span class='ocrx_word' id='word_1_72' title='bbox 178 1339 217 1414; x_wconf 86' lang='lat' dir='ltr'><strong>oa</strong></span> <span class='ocrx_word' id='word_1_73' title='bbox 240 1347 387 1430; x_wconf 87' lang='lat' dir='ltr'><strong>eorporis</strong></span> <span class='ocrx_word' id='word_1_74' title='bbox 409 1344 552 1427; x_wconf 83' lang='lat' dir='ltr'><strong>clandit,</strong></span> <span class='ocrx_word' id='word_1_75' title='bbox 587 1356 749 1429; x_wconf 90' lang='lat' dir='ltr'><strong>quantum</strong></span> <span class='ocrx_word' id='word_1_76' title='bbox 779 1371 814 1412; x_wconf 88' lang='lat' dir='ltr'><strong>se</strong></span> <span class='ocrx_word' id='word_1_77' title='bbox 836 1348 927 1413; x_wconf 90' lang='lat' dir='ltr'><strong>vitiis</strong></span> <span class='ocrx_word' id='word_1_78' title='bbox 956 1345 1186 1430; x_wconf 35' lang='lat' dir='ltr'><strong>superbiendo,</strong></span> 
     </span>
     <span class='ocr_line' id='line_1_13' title="bbox 182 1443 1178 1534; baseline 0.001 -23"><span class='ocrx_word' id='word_1_79' title='bbox 182 1446 331 1534; x_wconf 87' lang='lat' dir='ltr'><strong>aperiat,</strong></span> <span class='ocrx_word' id='word_1_80' title='bbox 374 1467 439 1509; x_wconf 91' lang='lat' dir='ltr'><strong>non</strong></span> <span class='ocrx_word' id='word_1_81' title='bbox 472 1444 633 1528; x_wconf 86' lang='lat' dir='ltr'><strong>agnoseit.</strong></span> <span class='ocrx_word' id='word_1_82' title='bbox 683 1443 850 1529; x_wconf 80' lang='lat' dir='ltr'><strong>Linguam</strong></span> <span class='ocrx_word' id='word_1_83' title='bbox 888 1449 1009 1512; x_wconf 89' lang='lat' dir='ltr'><strong>etenim</strong></span> <span class='ocrx_word' id='word_1_84' title='bbox 1043 1447 1178 1532; x_wconf 88' lang='lat' dir='ltr'><strong>premit,</strong></span> 
     </span>
     <span class='ocr_line' id='line_1_14' title="bbox 181 1543 1178 1632; baseline -0.001 -23"><span class='ocrx_word' id='word_1_85' title='bbox 181 1555 323 1609; x_wconf 89' lang='lat' dir='ltr'><strong>mentem</strong></span> <span class='ocrx_word' id='word_1_86' title='bbox 347 1543 471 1625; x_wconf 88' lang='lat' dir='ltr'><strong>elevat,</strong></span> <span class='ocrx_word' id='word_1_87' title='bbox 493 1555 526 1608; x_wconf 91' lang='lat' dir='ltr'><strong>et</strong></span> <span class='ocrx_word' id='word_1_88' title='bbox 547 1566 620 1608; x_wconf 87' lang='lat' dir='ltr'><strong>eum</strong></span> <span class='ocrx_word' id='word_1_89' title='bbox 643 1567 736 1608; x_wconf 91' lang='lat' dir='ltr'><strong>snam</strong></span> <span class='ocrx_word' id='word_1_90' title='bbox 757 1548 942 1632; x_wconf 86' lang='lat' dir='ltr'><strong>nequitiam</strong></span> <span class='ocrx_word' id='word_1_91' title='bbox 955 1546 1088 1611; x_wconf 88' lang='lat' dir='ltr'><strong>minime</strong></span> <span class='ocrx_word' id='word_1_92' title='bbox 1100 1565 1178 1608; x_wconf 86' lang='lat' dir='ltr'><strong>oon·</strong></span> 
     </span>
     <span class='ocr_line' id='line_1_15' title="bbox 131 1639 1178 1737; baseline 0.002 -31"><span class='ocrx_word' id='word_1_93' title='bbox 131 1724 134 1737; x_wconf 72' lang='lat'><strong>,</strong></span> <span class='ocrx_word' id='word_1_94' title='bbox 180 1643 322 1726; x_wconf 86' lang='lat' dir='ltr'><strong>siderat,</strong></span> <span class='ocrx_word' id='word_1_95' title='bbox 352 1653 444 1708; x_wconf 89' lang='lat' dir='ltr'><strong>tanto</strong></span> <span class='ocrx_word' id='word_1_96' title='bbox 467 1639 558 1728; x_wconf 85' lang='lat' dir='ltr'><strong>apud</strong></span> <span class='ocrx_word' id='word_1_97' title='bbox 579 1665 616 1707; x_wconf 87' lang='lat' dir='ltr'><strong>se</strong></span> <span class='ocrx_word' id='word_1_98' title='bbox 638 1653 773 1710; x_wconf 83' lang='lat' dir='ltr'><strong>cunctos</strong></span> <span class='ocrx_word' id='word_1_99' title='bbox 795 1644 955 1726; x_wconf 84' lang='lat' dir='ltr'><strong>liberius,</strong></span> <span class='ocrx_word' id='word_1_100' title='bbox 992 1657 1120 1732; x_wconf 89' lang='lat' dir='ltr'><strong>quanto</strong></span> <span class='ocrx_word' id='word_1_101' title='bbox 1144 1655 1178 1708; x_wconf 94' lang='lat' dir='ltr'><strong>et</strong></span> 
     </span>
     <span class='ocr_line' id='line_1_16' title="bbox 180 1741 1234 1830; baseline 0 -24"><span class='ocrx_word' id='word_1_102' title='bbox 180 1744 359 1825; x_wconf 90' lang='lat' dir='ltr'><strong>secretius,</strong></span> <span class='ocrx_word' id='word_1_103' title='bbox 383 1752 528 1806; x_wconf 82' lang='lat' dir='ltr'><strong>accusat.</strong></span> <span class='ocrx_word' id='word_1_104' title='bbox 565 1741 773 1809; x_wconf 84' lang='lat' dir='ltr'><strong>Admonendi</strong></span> <span class='ocrx_word' id='word_1_105' title='bbox 797 1755 875 1810; x_wconf 90' lang='lat' dir='ltr'><strong>sunt</strong></span> <span class='ocrx_word' id='word_1_106' title='bbox 893 1745 997 1830; x_wconf 90' lang='lat' dir='ltr'><strong>igitur</strong></span> <span class='ocrx_word' id='word_1_107' title='bbox 1014 1745 1113 1808; x_wconf 92' lang='lat' dir='ltr'><strong>nimis</strong></span> <span class='ocrx_word' id='word_1_108' title='bbox 1127 1755 1179 1820; x_wconf 85' lang='lat' dir='ltr'><strong>ta-¹</strong></span> <span class='ocrx_word' id='word_1_109' title='bbox 1230 1789 1234 1796; x_wconf 81' lang='lat'><em>-</em></span> 
     </span>
     <span class='ocr_line' id='line_1_17' title="bbox 176 1838 1179 1928; baseline -0.001 -22"><span class='ocrx_word' id='word_1_110' title='bbox 176 1843 251 1922; x_wconf 89' lang='lat' dir='ltr'><strong>eiti,</strong></span> <span class='ocrx_word' id='word_1_111' title='bbox 285 1852 323 1905; x_wconf 93' lang='lat' dir='ltr'><strong>nt</strong></span> <span class='ocrx_word' id='word_1_112' title='bbox 353 1841 435 1904; x_wconf 85' lang='lat' dir='ltr'><strong>seire</strong></span> <span class='ocrx_word' id='word_1_113' title='bbox 464 1838 599 1904; x_wconf 83' lang='lat' dir='ltr'><strong>sollicite</strong></span> <span class='ocrx_word' id='word_1_114' title='bbox 631 1840 805 1924; x_wconf 85' lang='lat' dir='ltr'><strong>studeant,</strong></span> <span class='ocrx_word' id='word_1_115' title='bbox 839 1866 908 1910; x_wconf 92' lang='lat' dir='ltr'><strong>non</strong></span> <span class='ocrx_word' id='word_1_116' title='bbox 938 1842 1042 1908; x_wconf 91' lang='lat' dir='ltr'><strong>solum</strong></span> <span class='ocrx_word' id='word_1_117' title='bbox 1063 1841 1179 1928; x_wconf 87' lang='lat' dir='ltr'><strong>quales</strong></span> 
     </span>
     <span class='ocr_line' id='line_1_18' title="bbox 175 1937 1179 2026; baseline 0 -22"><span class='ocrx_word' id='word_1_118' title='bbox 175 1939 257 2005; x_wconf 87' lang='lat' dir='ltr'><strong>foris</strong></span> <span class='ocrx_word' id='word_1_119' title='bbox 279 1937 470 2020; x_wconf 86' lang='lat' dir='ltr'><strong>ostendere,</strong></span> <span class='ocrx_word' id='word_1_120' title='bbox 502 1937 561 2002; x_wconf 89' lang='lat' dir='ltr'><strong>sed</strong></span> <span class='ocrx_word' id='word_1_121' title='bbox 589 1941 691 2004; x_wconf 88' lang='lat' dir='ltr'><strong>etiam</strong></span> <span class='ocrx_word' id='word_1_122' title='bbox 714 1941 833 2026; x_wconf 89' lang='lat' dir='ltr'><strong>quales</strong></span> <span class='ocrx_word' id='word_1_123' title='bbox 865 1963 900 2007; x_wconf 87' lang='lat' dir='ltr'><strong>se</strong></span> <span class='ocrx_word' id='word_1_124' title='bbox 922 1940 1067 2006; x_wconf 88' lang='lat' dir='ltr'><strong>debeant</strong></span> <span class='ocrx_word' id='word_1_125' title='bbox 1088 1943 1179 2005; x_wconf 92' lang='lat' dir='ltr'><strong>intus</strong></span> 
     </span>
     <span class='ocr_line' id='line_1_19' title="bbox 178 2037 1177 2126; baseline -0.002 -22"><span class='ocrx_word' id='word_1_126' title='bbox 178 2038 354 2121; x_wconf 90' lang='lat' dir='ltr'><strong>exhibere,</strong></span> <span class='ocrx_word' id='word_1_127' title='bbox 387 2049 424 2102; x_wconf 91' lang='lat' dir='ltr'><strong>ut</strong></span> <span class='ocrx_word' id='word_1_128' title='bbox 446 2037 523 2125; x_wconf 86' lang='lat' dir='ltr'><strong>plus</strong></span> <span class='ocrx_word' id='word_1_129' title='bbox 548 2061 590 2104; x_wconf 86' lang='lat' dir='ltr'><strong>ex</strong></span> <span class='ocrx_word' id='word_1_130' title='bbox 613 2040 871 2124; x_wconf 83' lang='lat' dir='ltr'><strong>cogitationibus</strong></span> <span class='ocrx_word' id='word_1_131' title='bbox 901 2039 1065 2106; x_wconf 82' lang='lat' dir='ltr'><strong>oecultum</strong></span> <span class='ocrx_word' id='word_1_132' title='bbox 1082 2040 1177 2126; x_wconf 89' lang='lat' dir='ltr'><strong>judi-</strong></span> 
     </span>
     <span class='ocr_line' id='line_1_20' title="bbox 177 2139 1262 2225; baseline 0.002 -23"><span class='ocrx_word' id='word_1_133' title='bbox 177 2141 284 2222; x_wconf 83' lang='lat' dir='ltr'><strong>cium,</strong></span> <span class='ocrx_word' id='word_1_134' title='bbox 309 2159 409 2224; x_wconf 89' lang='lat' dir='ltr'><strong>quam</strong></span> <span class='ocrx_word' id='word_1_135' title='bbox 432 2159 475 2201; x_wconf 83' lang='lat' dir='ltr'><strong>ex</strong></span> <span class='ocrx_word' id='word_1_136' title='bbox 491 2139 700 2204; x_wconf 81' lang='lat' dir='ltr'><strong>sermonibus</strong></span> <span class='ocrx_word' id='word_1_137' title='bbox 717 2139 1010 2225; x_wconf 88' lang='lat' dir='ltr'><strong>reprehensionem</strong></span> <span class='ocrx_word' id='word_1_138' title='bbox 1026 2147 1175 2202; x_wconf 83' lang='lat' dir='ltr'><strong>metuant</strong></span> <span class='ocrx_word' id='word_1_139' title='bbox 1261 2159 1262 2204; x_wconf 64' lang='lat' dir='ltr'><strong>t</strong></span> 
     </span>
     <span class='ocr_line' id='line_1_21' title="bbox 177 2235 1174 2326; baseline -0.006 -22"><span class='ocrx_word' id='word_1_140' title='bbox 177 2239 415 2326; x_wconf 83' lang='lat' dir='ltr'><strong>proximorum.</strong></span> <span class='ocrx_word' id='word_1_141' title='bbox 460 2235 628 2322; x_wconf 87' lang='lat' dir='ltr'><strong>Scriptum</strong></span> <span class='ocrx_word' id='word_1_142' title='bbox 650 2260 794 2324; x_wconf 88' lang='lat' dir='ltr'><strong>namque</strong></span> <span class='ocrx_word' id='word_1_143' title='bbox 818 2249 884 2304; x_wconf 88' lang='lat' dir='ltr'><strong>est:</strong></span> <span class='ocrx_word' id='word_1_144' title='bbox 918 2238 1000 2306; x_wconf 85' lang='lat' dir='ltr'><strong>Fili</strong></span> <span class='ocrx_word' id='word_1_145' title='bbox 1020 2236 1086 2316; x_wconf 88' lang='lat' dir='ltr'><strong>mi,</strong></span> <span class='ocrx_word' id='word_1_146' title='bbox 1115 2244 1174 2298; x_wconf 85' lang='lat' dir='ltr'><strong>at-</strong></span> 
     </span>
     <span class='ocr_line' id='line_1_22' title="bbox 175 2332 1176 2425; baseline -0.004 -23"><span class='ocrx_word' id='word_1_147' title='bbox 175 2338 299 2402; x_wconf 91' lang='lat' dir='ltr'><strong>tende</strong></span> <span class='ocrx_word' id='word_1_148' title='bbox 343 2335 603 2419; x_wconf 85' lang='lat' dir='ltr'><strong>sapientiam</strong></span> <span class='ocrx_word' id='word_1_149' title='bbox 643 2358 786 2418; x_wconf 86' lang='lat' dir='ltr'><strong>meam,</strong></span> <span class='ocrx_word' id='word_1_150' title='bbox 835 2348 874 2402; x_wconf 93' lang='lat' dir='ltr'><strong>et</strong></span> <span class='ocrx_word' id='word_1_151' title='bbox 908 2332 1176 2425; x_wconf 86' lang='lat' dir='ltr'><strong>prudentiae</strong></span> 
     </span>
     <span class='ocr_line' id='line_1_23' title="bbox 176 2434 1178 2516; baseline -0.003 -15"><span class='ocrx_word' id='word_1_152' title='bbox 176 2458 289 2502; x_wconf 87' lang='lat' dir='ltr'><strong>meae</strong></span> <span class='ocrx_word' id='word_1_153' title='bbox 312 2435 472 2501; x_wconf 85' lang='lat' dir='ltr'><strong>inclina</strong></span> <span class='ocrx_word' id='word_1_154' title='bbox 491 2457 636 2502; x_wconf 87' lang='lat' dir='ltr'><strong>aurem</strong></span> <span class='ocrx_word' id='word_1_155' title='bbox 658 2447 785 2516; x_wconf 90' lang='lat' dir='ltr'><strong>tuam,</strong></span> <span class='ocrx_word' id='word_1_156' title='bbox 807 2447 850 2502; x_wconf 93' lang='lat' dir='ltr'><strong>ut</strong></span> <span class='ocrx_word' id='word_1_157' title='bbox 872 2434 1091 2502; x_wconf 82' lang='lat' dir='ltr'><strong>custodies</strong></span> <span class='ocrx_word' id='word_1_158' title='bbox 1114 2455 1178 2498; x_wconf 90' lang='lat' dir='ltr'><strong>eo·</strong></span> 
     </span>
     <span class='ocr_line' id='line_1_24' title="bbox 177 2531 1177 2621; baseline -0.003 -22"><span class='ocrx_word' id='word_1_159' title='bbox 177 2537 427 2620; x_wconf 85' lang='lat' dir='ltr'><strong>gitationes.</strong></span> <span class='ocrx_word' id='word_1_160' title='bbox 455 2534 480 2621; x_wconf 82' lang='lat'><strong>¹)</strong></span> <span class='ocrx_word' id='word_1_161' title='bbox 524 2533 578 2597; x_wconf 92' lang='lat' dir='ltr'><strong>Nil</strong></span> <span class='ocrx_word' id='word_1_162' title='bbox 601 2535 725 2620; x_wconf 90' lang='lat' dir='ltr'><strong>quippe</strong></span> <span class='ocrx_word' id='word_1_163' title='bbox 748 2536 784 2598; x_wconf 89' lang='lat' dir='ltr'><strong>in</strong></span> <span class='ocrx_word' id='word_1_164' title='bbox 805 2536 902 2602; x_wconf 87' lang='lat' dir='ltr'><strong>nobis</strong></span> <span class='ocrx_word' id='word_1_165' title='bbox 927 2545 978 2600; x_wconf 88' lang='lat' dir='ltr'><strong>est</strong></span> <span class='ocrx_word' id='word_1_166' title='bbox 1002 2533 1101 2600; x_wconf 87' lang='lat' dir='ltr'><strong>eorde</strong></span> <span class='ocrx_word' id='word_1_167' title='bbox 1123 2531 1177 2596; x_wconf 84' lang='lat' dir='ltr'><strong>sn-</strong></span> 
     </span>
     <span class='ocr_line' id='line_1_25' title="bbox 178 2631 1175 2722; baseline -0.005 -22"><span class='ocrx_word' id='word_1_168' title='bbox 178 2637 307 2719; x_wconf 85' lang='lat' dir='ltr'><strong>gaoius,</strong></span> <span class='ocrx_word' id='word_1_169' title='bbox 331 2633 421 2721; x_wconf 92' lang='lat' dir='ltr'><strong>quod</strong></span> <span class='ocrx_word' id='word_1_170' title='bbox 443 2655 463 2696; x_wconf 88' lang='lat' dir='ltr'><strong>a</strong></span> <span class='ocrx_word' id='word_1_171' title='bbox 486 2631 583 2698; x_wconf 89' lang='lat' dir='ltr'><strong>nobis</strong></span> <span class='ocrx_word' id='word_1_172' title='bbox 601 2635 700 2698; x_wconf 89' lang='lat' dir='ltr'><strong>toties</strong></span> <span class='ocrx_word' id='word_1_173' title='bbox 714 2633 852 2717; x_wconf 83' lang='lat' dir='ltr'><strong>recedit,</strong></span> <span class='ocrx_word' id='word_1_174' title='bbox 876 2638 1005 2722; x_wconf 87' lang='lat' dir='ltr'><strong>quoties</strong></span> <span class='ocrx_word' id='word_1_175' title='bbox 1021 2655 1082 2716; x_wconf 86' lang='lat' dir='ltr'><strong>per</strong></span> <span class='ocrx_word' id='word_1_176' title='bbox 1100 2654 1175 2720; x_wconf 85' lang='lat' dir='ltr'><strong>pra·</strong></span> 
     </span>
     <span class='ocr_line' id='line_1_26' title="bbox 177 2731 1175 2821; baseline -0.003 -24"><span class='ocrx_word' id='word_1_177' title='bbox 177 2755 240 2798; x_wconf 85' lang='lat' dir='ltr'><strong>ves</strong></span> <span class='ocrx_word' id='word_1_178' title='bbox 262 2735 478 2818; x_wconf 85' lang='lat' dir='ltr'><strong>cogitationes</strong></span> <span class='ocrx_word' id='word_1_179' title='bbox 500 2731 625 2797; x_wconf 90' lang='lat' dir='ltr'><strong>defluit.</strong></span> <span class='ocrx_word' id='word_1_180' title='bbox 667 2733 754 2800; x_wconf 86' lang='lat' dir='ltr'><strong>Hine</strong></span> <span class='ocrx_word' id='word_1_181' title='bbox 775 2737 897 2800; x_wconf 90' lang='lat' dir='ltr'><strong>etenim</strong></span> <span class='ocrx_word' id='word_1_182' title='bbox 918 2734 1095 2821; x_wconf 78' lang='lat' dir='ltr'><strong>psalmista</strong></span> <span class='ocrx_word' id='word_1_183' title='bbox 1117 2733 1175 2797; x_wconf 89' lang='lat' dir='ltr'><strong>ait:</strong></span> 
     </span>
     <span class='ocr_line' id='line_1_27' title="bbox 177 2831 1178 2919; baseline -0.005 -20"><span class='ocrx_word' id='word_1_184' title='bbox 177 2831 255 2899; x_wconf 83' lang='lat' dir='ltr'><strong>Oor</strong></span> <span class='ocrx_word' id='word_1_185' title='bbox 283 2854 415 2896; x_wconf 90' lang='lat' dir='ltr'><strong>meum</strong></span> <span class='ocrx_word' id='word_1_186' title='bbox 443 2832 683 2917; x_wconf 90' lang='lat' dir='ltr'><strong>dereliquit</strong></span> <span class='ocrx_word' id='word_1_187' title='bbox 715 2856 781 2899; x_wconf 91' lang='lat' dir='ltr'><strong>me.</strong></span> <span class='ocrx_word' id='word_1_188' title='bbox 805 2832 832 2919; x_wconf 85' lang='lat'><strong>²)</strong></span> <span class='ocrx_word' id='word_1_189' title='bbox 876 2835 964 2899; x_wconf 86' lang='lat' dir='ltr'><strong>Hinc</strong></span> <span class='ocrx_word' id='word_1_190' title='bbox 993 2833 1037 2897; x_wconf 90' lang='lat' dir='ltr'><strong>ad</strong></span> <span class='ocrx_word' id='word_1_191' title='bbox 1059 2843 1178 2896; x_wconf 89' lang='lat' dir='ltr'><strong>semet-</strong></span> 
     </span>
     <span class='ocr_line' id='line_1_28' title="bbox 177 2929 1180 3018; baseline 0.001 -24"><span class='ocrx_word' id='word_1_192' title='bbox 177 2933 288 3018; x_wconf 90' lang='lat' dir='ltr'><strong>ipsum</strong></span> <span class='ocrx_word' id='word_1_193' title='bbox 310 2929 460 3014; x_wconf 87' lang='lat' dir='ltr'><strong>rediens,</strong></span> <span class='ocrx_word' id='word_1_194' title='bbox 494 2931 559 3014; x_wconf 87' lang='lat' dir='ltr'><strong>ait;</strong></span> <span class='ocrx_word' id='word_1_195' title='bbox 594 2933 779 2999; x_wconf 89' lang='lat' dir='ltr'><strong>Invenit</strong></span> <span class='ocrx_word' id='word_1_196' title='bbox 808 2956 952 2999; x_wconf 87' lang='lat' dir='ltr'><strong>servus</strong></span> <span class='ocrx_word' id='word_1_197' title='bbox 980 2944 1079 2999; x_wconf 89' lang='lat' dir='ltr'><strong>tuus</strong></span> <span class='ocrx_word' id='word_1_198' title='bbox 1109 2953 1180 2996; x_wconf 89' lang='lat' dir='ltr'><strong>oor</strong></span> 
     </span>
     <span class='ocr_line' id='line_1_29' title="bbox 176 3029 1181 3120; baseline -0.004 -24"><span class='ocrx_word' id='word_1_199' title='bbox 176 3053 309 3112; x_wconf 88' lang='lat' dir='ltr'><strong>suum,</strong></span> <span class='ocrx_word' id='word_1_200' title='bbox 343 3039 387 3094; x_wconf 93' lang='lat' dir='ltr'><strong>ut</strong></span> <span class='ocrx_word' id='word_1_201' title='bbox 417 3040 558 3098; x_wconf 88' lang='lat' dir='ltr'><strong>oraret</strong></span> <span class='ocrx_word' id='word_1_202' title='bbox 578 3043 628 3097; x_wconf 89' lang='lat' dir='ltr'><strong>te.</strong></span> <span class='ocrx_word' id='word_1_203' title='bbox 653 3029 680 3120; x_wconf 76' lang='grc'><strong>3)</strong></span> <span class='ocrx_word' id='word_1_204' title='bbox 725 3031 808 3100; x_wconf 83' lang='lat' dir='ltr'><strong>Cum</strong></span> <span class='ocrx_word' id='word_1_205' title='bbox 830 3055 910 3118; x_wconf 88' lang='lat' dir='ltr'><strong>ergo</strong></span> <span class='ocrx_word' id='word_1_206' title='bbox 932 3032 1091 3118; x_wconf 85' lang='lat' dir='ltr'><strong>cogitatio</strong></span> <span class='ocrx_word' id='word_1_207' title='bbox 1115 3051 1181 3114; x_wconf 92' lang='lat' dir='ltr'><strong>per</strong></span> 
     </span>
     <span class='ocr_line' id='line_1_30' title="bbox 177 3129 1181 3218; baseline 0 -24"><span class='ocrx_word' id='word_1_208' title='bbox 177 3129 364 3197; x_wconf 81' lang='lat' dir='ltr'><strong>custodiam</strong></span> <span class='ocrx_word' id='word_1_209' title='bbox 385 3132 616 3216; x_wconf 83' lang='lat' dir='ltr'><strong>restringitur,</strong></span> <span class='ocrx_word' id='word_1_210' title='bbox 640 3154 715 3212; x_wconf 89' lang='lat' dir='ltr'><strong>eor,</strong></span> <span class='ocrx_word' id='word_1_211' title='bbox 739 3131 828 3218; x_wconf 88' lang='lat' dir='ltr'><strong>quod</strong></span> <span class='ocrx_word' id='word_1_212' title='bbox 849 3133 967 3217; x_wconf 87' lang='lat' dir='ltr'><strong>fugere</strong></span> <span class='ocrx_word' id='word_1_213' title='bbox 990 3131 1181 3210; x_wconf 83' lang='lat' dir='ltr'><strong>consuevit,</strong></span> 
     </span>
     <span class='ocr_line' id='line_1_31' title="bbox 176 3230 357 3295; baseline 0 -3"><span class='ocrx_word' id='word_1_214' title='bbox 176 3230 357 3295; x_wconf 86' lang='lat' dir='ltr'><strong>invenitur.</strong></span> 
     </span>
    </p>

    <p class='ocr_par' dir='ltr' id='par_1_3' title="bbox 171 3325 1183 3514">
     <span class='ocr_line' id='line_1_32' title="bbox 241 3325 1182 3415; baseline -0.001 -25"><span class='ocrx_word' id='word_1_215' title='bbox 241 3326 444 3415; x_wconf 89' lang='lat' dir='ltr'><strong>Plerumque</strong></span> <span class='ocrx_word' id='word_1_216' title='bbox 465 3338 576 3396; x_wconf 88' lang='lat' dir='ltr'><strong>autem</strong></span> <span class='ocrx_word' id='word_1_217' title='bbox 596 3330 696 3394; x_wconf 88' lang='lat' dir='ltr'><strong>nimis</strong></span> <span class='ocrx_word' id='word_1_218' title='bbox 722 3332 816 3396; x_wconf 89' lang='lat' dir='ltr'><strong>taeiti</strong></span> <span class='ocrx_word' id='word_1_219' title='bbox 838 3349 909 3394; x_wconf 89' lang='lat' dir='ltr'><strong>oum</strong></span> <span class='ocrx_word' id='word_1_220' title='bbox 941 3325 1104 3396; x_wconf 86' lang='lat' dir='ltr'><strong>nonnulla</strong></span> <span class='ocrx_word' id='word_1_221' title='bbox 1127 3327 1182 3390; x_wconf 89' lang='lat' dir='ltr'><strong>in-</strong></span> 
     </span>
     <span class='ocr_line' id='line_1_33' title="bbox 171 3424 1183 3514; baseline -0.002 -22"><span class='ocrx_word' id='word_1_222' title='bbox 171 3428 269 3514; x_wconf 87' lang='lat' dir='ltr'><strong>justa</strong></span> <span class='ocrx_word' id='word_1_223' title='bbox 290 3427 482 3513; x_wconf 85' lang='lat' dir='ltr'><strong>patiuntur,</strong></span> <span class='ocrx_word' id='word_1_224' title='bbox 514 3449 553 3493; x_wconf 90' lang='lat' dir='ltr'><strong>eo</strong></span> <span class='ocrx_word' id='word_1_225' title='bbox 578 3430 612 3492; x_wconf 90' lang='lat' dir='ltr'><strong>in</strong></span> <span class='ocrx_word' id='word_1_226' title='bbox 642 3430 802 3496; x_wconf 86' lang='lat' dir='ltr'><strong>aeriorem</strong></span> <span class='ocrx_word' id='word_1_227' title='bbox 830 3428 979 3496; x_wconf 89' lang='lat' dir='ltr'><strong>dolorem</strong></span> <span class='ocrx_word' id='word_1_228' title='bbox 1000 3424 1183 3513; x_wconf 86' lang='lat' dir='ltr'><strong>prodeunt,</strong></span> 
     </span>
    </p>
   </div>
   <div class='ocr_carea' id='block_1_3' title="bbox 180 3584 465 3598">
    <p class='ocr_par' dir='ltr' id='par_1_4' title="bbox 180 3584 465 3598">
     <span class='ocr_line' id='line_1_34' title="bbox 180 3584 465 3598; baseline 0 -2"><span class='ocrx_word' id='word_1_229' title='bbox 180 3584 465 3598; x_wconf 47' lang='lat' dir='ltr'><strong>*mm—</strong></span> 
     </span>
    </p>
   </div>
   <div class='ocr_carea' id='block_1_4' title="bbox 211 3653 1089 3724">
    <p class='ocr_par' dir='ltr' id='par_1_5' title="bbox 211 3653 1089 3724">
     <span class='ocr_line' id='line_1_35' title="bbox 211 3653 1089 3724; baseline 0.002 -16"><span class='ocrx_word' id='word_1_230' title='bbox 211 3654 234 3722; x_wconf 72' lang='lat'><strong>2)</strong></span> <span class='ocrx_word' id='word_1_231' title='bbox 254 3657 329 3710; x_wconf 71' lang='lat' dir='ltr'><strong>mov.</strong></span> <span class='ocrx_word' id='word_1_232' title='bbox 347 3657 371 3722; x_wconf 78' lang='lat' dir='ltr'><strong>o,</strong></span> <span class='ocrx_word' id='word_1_233' title='bbox 390 3657 414 3710; x_wconf 91' lang='lat'><strong>1.</strong></span> <span class='ocrx_word' id='word_1_234' title='bbox 434 3682 464 3694; x_wconf 94' lang='lat'>-</span> <span class='ocrx_word' id='word_1_235' title='bbox 493 3655 513 3718; x_wconf 69' lang='lat'><strong>²)</strong></span> <span class='ocrx_word' id='word_1_236' title='bbox 532 3657 576 3708; x_wconf 75' lang='lat' dir='ltr'><strong>rs.</strong></span> <span class='ocrx_word' id='word_1_237' title='bbox 594 3657 635 3723; x_wconf 84' lang='lat' dir='ltr'><strong>eo,</strong></span> <span class='ocrx_word' id='word_1_238' title='bbox 657 3655 696 3709; x_wconf 88' lang='lat'><strong>13.</strong></span> <span class='ocrx_word' id='word_1_239' title='bbox 718 3683 759 3722; x_wconf 74' lang='grc'><strong>-,</strong></span> <span class='ocrx_word' id='word_1_240' title='bbox 778 3655 803 3723; x_wconf 80' lang='lat'><strong>⁸)</strong></span> <span class='ocrx_word' id='word_1_241' title='bbox 819 3655 845 3710; x_wconf 80' lang='lat' dir='ltr'><strong>a.</strong></span> <span class='ocrx_word' id='word_1_242' title='bbox 862 3656 927 3724; x_wconf 68' lang='lat' dir='ltr'><strong>aeg.</strong></span> <span class='ocrx_word' id='word_1_243' title='bbox 946 3655 970 3722; x_wconf 80' lang='lat' dir='ltr'><strong>t,</strong></span> <span class='ocrx_word' id='word_1_244' title='bbox 988 3653 1031 3710; x_wconf 76' lang='lat' dir='ltr'><strong>nt.</strong></span> <span class='ocrx_word' id='word_1_245' title='bbox 1084 3702 1089 3710; x_wconf 90' lang='lat'><em>.</em></span> 
     </span>
    </p>
   </div>
   <div class='ocr_carea' id='block_1_5' title="bbox 0 0 1282 4172">
    <p class='ocr_par' dir='ltr' id='par_1_6' title="bbox 0 0 1282 4172">
     <span class='ocr_line' id='line_1_36' title="bbox 0 0 1282 4172; baseline 0 2"><span class='ocrx_word' id='word_1_246' title='bbox 0 0 1282 4172; x_wconf 95' lang='lat' dir='ltr'><strong> </strong></span> 
     </span>
    </p>
   </div>
  </div>
 </body>
</html>
