2520 4152
467 211 693 281 *ill-

73 375 312 467 praedicanda
343 387 419 444 sunt
448 377 554 458 bona,
584 401 627 444 ne
661 402 703 444 ex
721 378 834 446 'latere
851 382 1021 466 ,juventur
1045 389 1079 448 et

72 476 180 547 mala.
223 475 280 544 Sic
307 476 478 547 laudanda
508 488 585 546 sunt
611 477 699 544 bona
723 501 870 560 summa,
899 495 945 546 ne·
963 477 1079 566 despe-

70 585 198 644 rentur
214 574 244 662 ¹)
261 574 385 640 ultima
429 576 484 642 Sic
496 577 675 644 nutrienda
697 587 776 644 sunt
786 578 912 658 ultima,
932 604 975 646 ne
999 580 1077 652 dum

74 675 241 742 sufficere
263 676 456 758 ereduntur,
472 697 688 766 nequaquam
703 678 861 744 tendatur
875 679 919 744 ad
941 702 1077 746 summa.

352 862 379 929 (i
400 864 431 930 A
454 862 481 927 P
503 865 536 932 U
561 863 590 928 'l'
632 862 816 930 XXXVII.

75 1001 126 1052 De
145 999 398 1064 exhortatione,
418 1012 499 1066 quae
517 1000 576 1051 uni
595 999 797 1052 adhibenda
814 1006 864 1052 est
882 999 1076 1053 contrariis

355 1085 589 1151 passionibus
609 1084 798 1138 laboranti.

143 1219 189 1285 Et
210 1220 326 1305 gravis
340 1222 472 1306 quidem
494 1217 718 1308 praedicatori
738 1217 832 1286 labor
848 1231 908 1304 est,
931 1223 966 1286 in
989 1245 1073 1287 corn·

75 1318 189 1384 munis
217 1319 474 1404 praedicationis
504 1341 584 1385 voce
614 1319 657 1384 ad
691 1318 836 1385 occultos
866 1321 1075 1405 singulorum

75 1426 187 1483 motus
209 1440 394 1506 causasque
417 1417 578 1503 vigilare,
603 1431 636 1484 et
658 1421 903 1504 palaestrarum
927 1443 1018 1486 merc
1041 1421 1076 1491 in

75 1517 205 1582 diversi
226 1516 340 1584 lateris
364 1529 435 1584 arte
449 1543 493 1612 ¹se
516 1529 667 1601 vertere3
699 1519 803 1584 multo
824 1529 935 1584 tamen
958 1521 1078 1584 acriori

77 1614 192 1682 labore
221 1616 401 1703 fatigatur,
432 1619 565 1705 quando
595 1621 654 1684 uni
685 1621 864 1684 contrariis
891 1620 983 1684 vitiis
1007 1641 1076 1685 ser·

76 1717 184 1784 vianti
205 1717 400 1804 praedicare
413 1717 627 1805 compellitur.
672 1717 875 1804 Plerumque
899 1720 986 1784 enim
1001 1719 1076 1804 quis

77 1816 188 1882 laetae
211 1815 308 1882 nimis
330 1819 572 1900 conspersionis
582 1816 608 1905 2)
632 1818 763 1899 existit3
787 1817 845 1882 sed
867 1829 979 1884 tamen
1000 1837 1077 1884 eum

77 1926 217 2004 repente
239 1916 379 1982 tristitia
392 1914 510 1983 oborta
531 1917 719 1982 immaniter
738 1915 901 2004 deprimit.
945 1917 1077 1984 Ouran-

75 2015 155 2080 dum
180 2025 230 2082 est
250 2016 367 2102 itaque
389 2016 629 2103 praedicatori,
663 2026 830 2100 quatenus
854 2019 903 2082 sic
925 2028 1077 2102 tergatur
1184 2046 1186 2050 ·

77 2115 231 2198 tristitia,
260 2136 347 2201 quae
376 2115 470 2181 uenit
496 2137 540 2180 ex
567 2125 733 2203 tempore,
763 2125 800 2180 ut
823 2139 887 2182 non
910 2125 1076 2200 augeatur

77 2214 226 2296 laetitia,
256 2234 343 2300 quae
366 2215 514 2301 suppetit
542 2235 585 2279 ex
608 2211 858 2302 conspersione;
886 2225 919 2294 et
941 2216 989 2280 sic
1009 2213 1076 2280 fre·

80 2322 178 2379 netur
200 2312 341 2396 laetitia,
366 2334 452 2400 quae
482 2335 525 2379 ex
546 2314 784 2400 conspersione
814 2323 883 2393 est,
906 2320 944 2378 ut
964 2322 1078 2379 tamen

79 2435 147 2480 non
169 2422 297 2480 crescat
316 2415 473 2496 tristitia,
507 2432 596 2500 quae
624 2413 718 2478 venit
739 2433 783 2490 ex
805 2423 963 2500 tempore.
1005 2413 1077 2478 Isto

77 2523 244 2598 gravatur
270 2536 335 2580 usu
363 2513 600 2596 immoderatae
626 2513 933 2600 praecipitationis,
963 2523 995 2580 et
1017 2511 1076 2580 ali·

77 2611 211 2702 quando
235 2622 347 2679 tamen
378 2612 420 2681 ab
450 2636 507 2697 ec,
541 2611 631 2700 quod
659 2612 782 2704 ¹festiae
817 2614 983 2699 agendum
1012 2622 1075 2698 eat,

77 2733 154 2780 eum
191 2713 244 2780 vis
279 2711 453 2798 praepedit
484 2712 593 2779 subito
629 2724 730 2779 natae
768 2712 964 2780 formidinis.
1013 2712 1076 2778 Ille

75 2823 244 2899 gravatur
264 2835 328 2878 usu
349 2811 588 2879 immoderatae
609 2811 813 2892 formidinis,
839 2823 872 2878 et
892 2811 1076 2900 aliquando

78 2921 190 2978 tamen
219 2912 256 2979 in
283 2934 344 2993 eo,
378 2909 468 2997 quod
496 2911 643 2996 appetit,
672 2911 858 2976 temeritate
889 2909 1076 2996 impellitur

77 3011 378 3100 praecipitationis.
409 3008 465 3074 Sic
477 3011 594 3096 itaque
609 3010 645 3074 in
659 3009 723 3074 isto
739 3009 942 3094 reprimatur
963 3008 1075 3076 subito

75 3111 198 3189 oborta
218 3107 373 3190 formido,
395 3118 433 3177 ut
443 3115 633 3176 tamennon
656 3115 830 3175 excrescat
850 3108 997 3185 enutrita
1019 3107 1076 3177 diu

104 3311 127 3392 'u
145 3327 209 3383 aru
226 3326 411 3396 capannam

106 3411 127 3479 ²)
144 3412 195 3466 Per
220 3410 522 3478 conspersionem
550 3408 672 3475 intelligit
691 3407 718 3461 S.
737 3407 879 3476 Gregorius
906 3409 950 3463 hie
968 3414 993 3464 et
1009 3409 1076 3464 alibi

148 3495 269 3561 indolem,
287 3502 413 3564 naturam,
431 3493 546 3564 corporis
563 3500 588 3548 et
604 3493 707 3548 animae
725 3493 933 3563 temperationem
951 3500 976 3548 et
994 3483 1088 3549 helii

148 3590 220 3652 torn3
243 3598 307 3652 ergo
325 3581 423 3636 laeta
446 3580 655 3648 conspersio
677 3579 745 3634 item
762 3585 816 3646 eet,
842 3595 875 3634 ao
891 3581 988 3636 ludum
1006 3587 1073 3636 tem-

150 3677 346 3742 peramentum,
373 3669 412 3729 uti
426 3668 488 3742 iem
502 3679 587 3745 lupen
602 3665 802 3725 asumma
816 3681 877 3737 etp.
889 3669 940 3724 iv.
954 3682 1015 3739 m,
1032 3668 1076 3735 81.
