2554 4172
485 197 710 262 -117-

109 387 174 452 quo
202 387 259 446 ea,
294 382 380 451 quae
406 365 588 444 sustinent,
621 355 907 446 non'loquuntur.
961 356 1045 448 Nam
1066 360 1105 446 si

106 463 220 529 illatas
241 461 412 528 molestias
434 461 617 548 tranquille
638 459 754 544 lingua
777 459 902 523 diceret
922 455 966 544 ²),
991 461 1104 544 acori·

103 563 247 628 scientia
270 559 361 628 dolor
384 569 564 627 emanaret.
606 559 754 626 Vulnera
776 556 862 624 enim
888 557 1004 622 clausa
1025 553 1105 638 plus

104 662 266 727 cruciant.
309 661 394 724 Nam
416 681 490 726 cum
517 659 675 746 putredo,
711 681 797 744 quae
819 657 960 722 interius
981 656 1101 736 fervet,

108 762 257 848 ejicitur,
279 760 321 826 ad
343 754 485 825 salutem
508 758 601 823 dolor
622 760 783 844 aperitur.
817 756 909 839 Scire
926 757 1029 840 igitur
1046 753 1104 818 de·
1137 779 1139 784 ’

107 855 204 942 bent,
227 861 285 946 qui
304 859 401 946 plus,
427 881 527 945 quam
549 857 704 944 expedit,
726 867 856 940 tacent,
879 875 921 922 ne
934 857 1021 921 inter
1036 876 1101 919 mo·

106 957 211 1040 lesta,
235 980 322 1044 quae
344 957 505 1042 tolerant,
529 955 606 1022 dum
628 957 779 1041 linguam
801 964 934 1037 tenent,
957 957 1024 1019 vim
1046 953 1102 1018 do-

104 1057 185 1143 loris
209 1068 426 1142 exaggerent.
468 1055 677 1120 Admonendi
700 1069 776 1120 sunt
798 1057 904 1138 enim,
927 1063 964 1120 ut
980 1055 1008 1118 si
1026 1073 1102 1140 pro·

104 1156 214 1222 ximos
237 1157 324 1221 sicut
345 1179 380 1220 se
403 1155 564 1240 diligunt,
588 1146 721 1218 minime
740 1154 808 1220 illis
829 1161 982 1235 taceant,
1012 1149 1103 1218 unde

105 1267 161 1322 cos
188 1257 282 1340 juste
319 1254 579 1342 reprehendunt.
633 1255 734 1320 Vocis
768 1255 854 1318 enim
885 1251 1103 1317 medicamine

103 1362 320 1439 utrorumque
343 1355 445 1420 saluti
466 1356 687 1437 concurritur,
710 1352 788 1417 dum
810 1351 908 1416 stab
932 1351 988 1416 illo
1000 1401 1009 1434 ,
1035 1351 1110 1434 ·qui‘

105 1451 224 1530 infert,
246 1455 330 1518 actio
352 1475 459 1540 prava
481 1454 720 1539 compescitur,
744 1462 778 1518 et
799 1451 842 1516 ab
863 1449 937 1534 hoc,
962 1452 1022 1536 qui
1051 1459 1104 1514 s‘u·

103 1553 221 1632 stinet,
245 1550 365 1617 doloris
380 1553 490 1619 fervor
505 1551 645 1617 vulnere
659 1564 774 1638 aperto
790 1559 1003 1637 temperatur.
1031 1547 1102 1628 Qui

103 1652 189 1716 enim
213 1652 436 1736 proximorum
458 1651 549 1716 mala
571 1652 775 1736 respiciunt,
807 1661 841 1714 et
862 1661 973 1714 tamen
1000 1651 1035 1713 in
1057 1649 1100 1713 si-

103 1749 207 1816 lentio
229 1749 379 1834 linguam
401 1759 574 1837 premunt,
609 1752 707 1834 quasi
736 1751 919 1835 conspectis
951 1747 1100 1813 vulneri-

102 1847 168 1912 bus
198 1867 296 1912 nsum
331 1847 560 1912 medicaminis
590 1846 809 1928 subtrahunt,
853 1861 886 1912 et
918 1869 957 1912 eo
986 1847 1101 1912 mortis

104 1955 256 2008 auctores
278 1944 381 2026 fiunt,
404 1968 469 2030 quo
491 1948 594 2026 virus,
618 1945 706 2031 quod
723 1958 888 2032 poterant,
902 1968 1028 2036 ¹curare
1041 1967 1099 2012 no·

103 2044 248 2108 luerunt.
289 2043 423 2127 Lingua
446 2047 560 2130 itaque
583 2043 725 2108 discrete
746 2045 912 2110 frenanda
935 2059 1099 2125 est,·non

103 2141 333 2207 insolubiliter
343 2139 369 2227 ²)
386 2142 575 2226 obliganda.
608 2141 774 2226 Scriptum
785 2164 929 2226 namque
942 2154 1007 2207 est:
1033 2144 1103 2206 Sa·

103 2241 226 2328 piens
256 2239 414 2306 tacebit
442 2228 654 2327 usquead
682 2251 845 2328 tompus
867 2239 910 2326 ³),
946 2255 983 2306 ut
1004 2245 1099 2305 nimi·

103 2361 198 2420 rum,
234 2361 308 2403 cum
331 2351 553 2425 opportunum
576 2337 784 2422 considerat,
817 2341 1001 2426 postposita
1026 2361 1102 2404 cen-

30 2522 33 2526 ·
105 2457 183 2500 sura
205 2436 328 2502 silentii
351 2437 538 2524 loquendo,
562 2461 648 2526 quae
671 2450 870 2524 congruunt,
894 2442 929 2504 in
952 2463 1047 2504 nsum
1065 2462 1100 2504 so

103 2535 260 2603 utilitatis
282 2537 462 2622 impendat.
505 2539 551 2603 Et
571 2561 701 2604 rursum
723 2540 963 2624 scriptumest:
986 2541 1099 2605 Tem·

103 2657 178 2722 pus
200 2637 384 2716 tacendi,
409 2647 447 2702 et
467 2649 629 2720 tempus
652 2637 868 2724 loquendi.
885 2639 914 2727 ¹¹)
946 2642 1101 2704 Discrete

103 2735 226 2820 quippe
256 2733 525 2801 vicissitudinum
554 2736 728 2822 pensanda
757 2741 835 2803 sunt
857 2750 1005 2825 tempora
1015 2787 1024 2819 ,
1058 2735 1100 2803 ne

103 2846 161 2897 aut
182 2855 254 2898 eum
277 2837 436 2919 restringi
456 2834 575 2919 lingua
597 2837 710 2916 debet,
736 2859 796 2922 per
817 2836 921 2902 verba
933 2837 1100 2900 inutiliter

104 2929 248 3016 defluat,
283 2945 436 2999 autenm
458 2934 552 3021 loqui
577 2935 703 3001 utiliter
729 2943 855 3020 potest,
888 2937 1099 3022 semetipsam

102 3031 200 3117 pigre
221 3033 411 3117 restringat.
454 3031 553 3114 Quod
574 3033 660 3098 bene
681 3032 854 3119 psalmista
872 3035 1099 3114 considerans,

104 3130 196 3194 dicit:
225 3129 354 3213 Pone,
377 3131 571 3214 Domine,
594 3131 828 3198 custodiam
851 3134 911 3196 ori
932 3155 1034 3216 meo,
1059 3145 1100 3198 et

103 3228 257 3296 ostium
279 3231 635 3296 circumstantiae
658 3229 791 3326 labiis
813 3233 924 3296 meis.
953 3231 979 3316 l)
1024 3231 1098 3300 Non

88 3447 90 3455 ’
109 3447 122 3476 “’
138 3461 157 3523 ¹)
175 3458 240 3510 Alit.
258 3457 415 3526 tranquillae
431 3457 538 3527 liuguae
557 3471 674 3511 sermone
692 3461 813 3528 dicerent,
835 3473 908 3513 meus
926 3473 942 3511 a
960 3459 1097 3512 conscien-

170 3545 222 3597 tias
246 3543 333 3597 doloro
358 3543 444 3596 aliana
466 3547 588 3599 maneret.
613 3571 642 3582 —
681 3544 700 3609 ²)
718 3546 783 3600 Alit.
801 3546 977 3599 insalubriter.
1008 3575 1039 3584 -
1077 3544 1097 3611 ⁸]

168 3629 249 3684 sau
267 3627 314 3700 20,
333 3629 358 3684 7.
379 3658 409 3715 7
446 3627 470 3699 ⁴)
487 3629 568 3684 secu.
586 3629 610 3700 3,
630 3630 654 3686 7.
674 3659 703 3672 -
744 3630 762 3698 ⁶)
780 3633 825 3686 m.
843 3631 942 3702 rima
