2554 4172
539 163 743 264 ..pq-

142 351 163 392 a
191 327 371 394 communis
400 326 641 393 aedificationis
674 339 746 395 arte
780 351 961 416 numquam
991 331 1140 399 recedat.

141 441 235 524 Quid
258 437 344 508 enim
367 452 444 509 sunt
465 445 612 508 intentae
631 453 759 510 mentes
774 445 974 528 auditorum,
996 448 1075 532 nisi,
1099 457 1150 514 ut·

139 563 188 626 ita
210 559 370 642 dixerim,
405 560 570 646 quaedam
598 562 633 626 in
657 559 787 626 cithara
815 565 984 630 tensiones
1011 574 1146 630 stratae

139 675 353 759 chordarum,
378 699 462 764 quas
484 676 645 761 tangendi
667 677 806 762 artifex,
840 689 965 746 utnon
990 679 1138 748 sibimet·

137 795 203 880 ipsi
224 793 386 860 dissimile
413 793 580 858 canticum
606 793 729 878 faeiat,
764 795 967 862 dissimiliter
996 796 1148 884 pulsat‘l'

138 911 185 975 Et
205 911 326 977 idcirco
349 909 495 1010 chordae
517 933 697 978 consonam
713 913 972 979 modulationem
983 913 1149 979 reddunt:-

208 1135 265 1197 sim'
281 1145 436 1213 rependant,
463 1151 491 1198 ut
514 1161 601 1200 corum
624 1148 842 1202 admonitionibus
866 1154 981 1216 pareant.
1022 1149 1141 1218 Quidam.

208 1232 285 1282 ctiam
303 1230 336 1282 ad
353 1231 461 1283 minima
478 1245 562 1298 usque
580 1247 612 1284 ac
629 1232 762 1284 levissima
780 1233 935 1287 observandi
954 1239 1029 1301 sunt,
1052 1235 1133 1286 nimi-

205 1332 262 1368 rum
281 1316 326 1386 qui
346 1330 376 1369 eo
395 1319 464 1384 quod
482 1321 588 1386 peccata
606 1331 656 1369 sua
673 1318 783 1386 obscura
802 1323 827 1371 et
851 1320 987 1386 incognita
1004 1335 1068 1374 esse·
1081 1336 1134 1388 pu-

204 1407 260 1453 tant
278 1401 504 1471 (quandoquidem
521 1404 547 1455 id
565 1403 707 1456 moliuntur
724 1408 846 1472 tanquam
866 1407 1053 1473 sapientiores)
1072 1407 1135 1459 aui-

204 1489 255 1539 mis
273 1485 413 1555 inflantur3
438 1489 466 1540 in
492 1487 645 1556 quibusdam
669 1503 771 1540 rursum
795 1491 829 1541 ad
846 1490 972 1543 nonnulla
995 1492 1144 1546 connivere·

203 1573 287 1625 satius
305 1571 382 1625 fuerit
400 1573 450 1642 (ita
467 1578 496 1625 ut
515 1573 632 1626 videntes
650 1589 699 1626 non
719 1574 866 1640 videamus,
885 1580 910 1626 et
926 1576 1063 1628 audientes
1081 1592 1133 1630 non

202 1659 353 1726 audiamus,
381 1653 595 1727 quemadmodum
619 1659 671 1711 dici
698 1659 773 1722 solet)
800 1675 831 1712 ne
858 1660 960 1727 alioqui
987 1675 1032 1714 eos
1054 1663 1144 1715 nimis

202 1743 300 1797 crebris
317 1743 544 1814 objurgationibus
563 1748 685 1812 tanquam
704 1743 826 1798 fluctibus
845 1745 998 1810 obruentes,
1027 1746 1060 1796 ad
1085 1746 1136 1798 de·

205 1831 375 1899 sperationem
397 1829 550 1896 incitemus,
586 1845 618 1882 ac
641 1830 767 1884 dissoluto
794 1831 896 1884 tandem
922 1831 1034 1898 pudore,
1065 1831 1134 1899 quod

206 1915 387 1984 persuasionis
404 1917 571 1984 pharmacum
590 1921 643 1983 est,
669 1918 702 1969 ad
721 1917 830 1984 quodvis
857 1915 961 1968 facinus
979 1915 1134 1968 audaciores

205 2002 351 2056 reddamus.
388 2001 459 2068 Quin
484 2001 560 2054 ctiam
586 2017 644 2053 cum
662 2001 797 2054 nonnullis
821 2001 858 2053 ita
875 2001 1005 2068 agendum
1024 2003 1077 2067 est,
1104 2005 1133 2052 ut

204 2103 256 2140 non
273 2088 415 2142 irascentes
429 2086 580 2154 irascamur,
599 2102 649 2138 non
660 2090 849 2140 contemnentes
861 2091 1060 2152 contemnamus,
1078 2099 1131 2135 non

204 2176 369 2242 desperantes
388 2173 567 2242 desperemus,
594 2177 722 2240 quatenus
741 2173 862 2224 videlicet
880 2186 968 2224 corum
987 2176 1079 2223 natura
1102 2169 1127 2218 id
1176 2195 1178 2197 .
1203 2202 1221 2230 ·.

203 2261 320 2329 requirit.
354 2259 411 2312 Alii
427 2272 520 2310 rursus
537 2258 642 2309 lenitate
660 2263 686 2310 et
702 2258 850 2309 humilitate
869 2258 978 2312 curandi
996 2261 1069 2323 sunt,
1086 2257 1129 2307 at·-
1190 2247 1191 2250 ’

204 2360 254 2412 que
279 2345 360 2397 alacri
384 2344 470 2396 animo
498 2357 551 2395 una
576 2355 633 2394 cum
658 2342 713 2393 illis
736 2343 864 2396 meliorem
893 2355 965 2410 spem
992 2341 1130 2396 induendo.

202 2431 280 2482 Alios
298 2431 414 2496 vincere,
433 2428 466 2481 ab
484 2428 547 2479 aliis
564 2428 635 2480 vinci
654 2427 805 2502 plerumque
823 2428 913 2480 utilius
930 2426 1030 2493 fuerit,
1054 2431 1140 2490 atquc

202 2515 313 2566 aliorum
331 2527 393 2582 opes
410 2517 435 2565 et
453 2512 609 2581 potentiam,
637 2511 748 2564 aliorum
765 2513 879 2581 inopiam
907 2518 932 2566 et
949 2513 1130 2580 calamitatem,

202 2599 245 2652 vel
263 2599 384 2664 laudare,
408 2598 450 2650 vel
469 2598 608 2667 deprecari.
643 2599 732 2665 Neque
755 2599 836 2665 enim,
861 2600 1074 2667 quemadmodum
1101 2598 1129 2649 in

203 2687 297 2738 virtute
314 2700 346 2739 ac
362 2683 425 2737 vitio
442 2697 485 2736 rcs
504 2697 532 2736 sc
548 2685 633 2749 habet,
652 2688 681 2734 ut
697 2683 746 2735 illa
763 2685 867 2754 quidem
885 2684 1130 2753 semperpulcber·

182 2771 269 2824 'rima
286 2763 322 2824 et'
337 2768 457 2838 qmnibus
480 2768 621 2822 utilissima
644 2769 694 2835 sit,
719 2771 768 2822 hoc
795 2776 880 2824 autem
903 2771 1082 2839 turpissimum
1105 2773 1138 2822 ,p

202 2855 453 2925 perniciosissimum
472 2854 518 2920 sit,
549 2855 635 2907 eodem
653 2854 728 2907 modo
745 2856 888 2910 medicinae
906 2871 1008 2926 quoque
1025 2860 1142 2908 nostrae»

165 2966 167 2972 ·
202 2943 268 2995 ratio
286 2957 317 2996 ea
335 2947 388 3007 est,
412 2945 441 2992 ut
458 2938 672 3009 unum'idemque
689 2942 901 2995 medicamentum
919 2941 1010 2994 iisdem
1029 2955 1132 3010 semper

205 3027 248 3080 vel
276 3027 473 3081 saluberrimum
502 3027 552 3093 ait,
581 3026 622 3081 vel
648 3026 917 3094 periculosissimum:
944 3026 1016 3080 verbi
1043 3027 1131 3096 gratia

201 3112 329 3166 acerbitas
355 3118 401 3165 aut
425 3112 575 3179 clementia,
608 3116 655 3165 aut
680 3113 881 3180 unumquodque
907 3112 1036 3180 aliorum,
1062 3123 1129 3180 quae

202 3199 275 3252 modo
294 3213 310 3250 a
328 3197 404 3250 nobis
430 3201 579 3251 enumerata
603 3201 673 3252 sunt.
708 3199 805 3250 Verum
830 3197 892 3251 aliis
918 3199 968 3252 hoc
984 3197 1131 3252 medicinae

199 3299 285 3354 genus
304 3283 399 3337 bonum
416 3289 493 3352 atque
510 3284 574 3337 utile
591 3282 685 3351 fuerit,
711 3269 773 3336 aliis
795 3288 880 3338 autem
898 3297 1004 3336 rursum
1021 3287 1141 3336 contra·-

200 3371 269 3424 rium
286 3370 403 3423 medendi
420 3383 521 3437 genus,
539 3374 627 3439 prout,
645 3370 754 3439 opinor,
779 3369 821 3424 vel
838 3383 881 3423 res
899 3371 942 3424 vel
958 3369 1063 3424 occasio
1080 3375 1128 3422 tu·

199 3457 274 3523 ierit,
292 3455 336 3509 vel
353 3456 542 3524 aegrotantium
561 3456 670 3524 denique
686 3469 772 3510 mores
790 3447 950 3510 admiserint.
978 3453 1127 3525 Quasqui-

117 3547 119 3551 ’
201 3543 258 3599 dem
275 3543 362 3596 omnia
379 3556 495 3597 sermone
513 3541 685 3612 distinguere,
711 3546 790 3612 atque
807 3543 845 3596 ita
862 3548 952 3597 exacte
969 3541 1139 3612 perspicere„

199 3621 229 3680 ut
250 3629 302 3682 tota
327 3629 463 3686 mandendi
485 3630 552 3684 ratio
576 3629 605 3684 iu
628 3641 753 3684 summam
777 3629 933 3699 colligatur,
959 3625 1138 3698 impossibile.-
