2554 4172
579 191 804 258 ...154-

193 360 337 427 virtntes
358 353 544 422 eradicant.
577 355 619 422 In
640 379 708 424 uno
721 358 810 424 enim
822 355 912 424 malo
930 359 1104 426 innumere
1117 379 1208 447 per·-

100 473 102 478 ·
194 463 318 540 agunt3
340 455 422 542 quia
445 452 641 522 seminando
663 455 872 539 discordiam,
896 458 1081 539 caritatem,
1105 478 1198 544 quse

194 555 351 621 nimirum
379 555 539 620 virtutum
567 555 712 632 omniurn
741 565 847 622 mater
880 566 946 639 est,
980 557 1197 641 extinguunt.

101 650 103 656 ’
194 653 285 736 Quia
307 663 418 721 autem
439 651 525 720 nihil
545 653 714 740 pretiosus
736 665 787 720 est
809 644 883 720 Deo
903 655 1029 720 virtute
1045 654 1197 724 dilectio·

192 753 265 835 nis,
297 751 346 818 nil
368 762 419 820 est
441 749 698 818 desiderabilius
719 750 852 820 diabolo
879 754 1084 820 extinctione
1106 758 1198 822 eari-

191 854 284 921 tatis.
328 851 492 939 Quisquis
515 872 596 935 ergo
625 849 820 916 seminando
844 852 959 938 jurgia
981 852 1198 921 dilectionem

191 955 417 1039 proximorum
448 951 597 1038 perimit,
633 947 721 1015 hosti
751 948 819 1015 Dei
849 950 1037 1018 familarius
1072 954 1198 1039 servit,
1233 1029 1235 1034 ,

195 1057 275 1144 quis
299 1074 367 1140 qus
391 1050 448 1116 ille
477 1049 601 1132 amissa
630 1048 769 1131 cecidit,
799 1048 887 1116 hanc
915 1051 977 1116 iste
1007 1051 1201 1120 vulneratis

193 1151 351 1223 cordibus
376 1150 593 1232 subtrahens,
617 1149 666 1214 eis
688 1149 751 1214 iter
772 1149 978 1216 ascensionis
1000 1149 1152 1218 abscidit.

253 1253 299 1318 At
309 1260 423 1316 contra
435 1246 635 1316 admonendi
647 1257 725 1315 sunt
737 1249 877 1335 pacifici,
901 1273 942 1314 ne
959 1260 1074 1317 tentae
1087 1252 1196 1320 aetio-

191 1355 246 1420 nis
268 1349 398 1438 pondus
418 1348 587 1432 levigent,
623 1349 652 1412 si
680 1350 766 1414 inter
795 1371 877 1435 quos
906 1349 1048 1415 sundere
1076 1371 1197 1436 pacem

192 1451 355 1530 debeant,
377 1451 542 1534 ignorent.
574 1447 660 1512 Nem
682 1448 768 1513 sicut
788 1443 928 1513 multum
946 1461 1052 1531 nocet,
1077 1450 1195 1516 siuni-

189 1559 243 1616 tss
265 1548 353 1614 desit
372 1546 487 1629 bonis,
516 1547 563 1610 its
585 1544 687 1611 valde
710 1556 761 1611 est
782 1552 933 1630 noxium,
968 1551 996 1614 si
1017 1571 1083 1615 non
1104 1549 1195 1619 desit

189 1649 297 1716 malis.
342 1646 378 1712 Si
408 1667 488 1730 ergo
517 1665 750 1732 perversorum
781 1648 931 1734 nequitia
954 1648 988 1713 in
1009 1670 1093 1734 pace
1111 1651 1189 1736 jun-

189 1750 298 1836 gitur,
322 1745 470 1832 profecte
493 1764 607 1810 eorum
627 1744 725 1810 malis
748 1747 881 1812 notibus
904 1747 1009 1812 robur
1030 1760 1187 1837 augetur3

160 1901 164 1915 .
191 1849 271 1935 quis
295 1868 360 1932 quo
384 1843 449 1909 sibi
469 1845 506 1909 in
528 1843 657 1908 malitia
680 1857 881 1930 congruunt,
906 1869 945 1913 eo
969 1869 1004 1912 se
1020 1847 1192 1915 robustius

189 1946 354 2014 bonorum
382 1943 620 2011 afflictionibus
648 1943 793 2010 illidunt.
836 1948 923 2012 Hinc
952 1968 1096 2031 namque
1127 1960 1193 2031 ost,

190 2045 282 2134 quod
306 2053 422 2111 contra
445 2044 593 2112 damnati
614 2043 707 2110 illius
728 2047 820 2110 vasis
841 2044 884 2132 ¹),
912 2044 1067 2111 videlicet
1091 2044 1195 2112 Anti-

190 2145 328 2228 christi,
351 2143 600 2231 praedicatores
622 2144 737 2210 divina
759 2167 840 2210 voce
863 2143 961 2208 beato
974 2144 1196 2211 Jobdioitur:

190 2243 380 2312 Membra
402 2246 591 2310 carnium
614 2247 706 2331 ejus
734 2243 1017 2307 cohaerentia
1044 2241 1139 2302 sibi.
1160 2244 1193 2318 ²)

189 2345 278 2412 Hinc
300 2341 362 2408 sub
385 2365 601 2430 squamarum
623 2343 733 2427 speeie
748 2339 789 2401 de
810 2342 883 2424 ejus
899 2334 1098 2402 satellitibus
1109 2358 1190 2422 per-

183 2443 345 2510 ‘bibeturt
378 2443 469 2509 Una
489 2438 885 2524 uniconjungitur,
920 2443 1029 2499 etne
1053 2434 1189 2522 spire-

191 2542 326 2608 culum
356 2541 520 2628 quidem
548 2537 721 2604 incedit
744 2531 920 2618 per'ees.
945 2535 971 2618 ³)
1015 2533 1190 2622 Sequuees

193 2645 318 2732 quippe
339 2641 447 2723 illius,
480 2661 545 2722 quo
567 2633 660 2698 nulla
682 2635 768 2698 inter
790 2657 825 2699 se
848 2632 1035 2700 discordiae
1065 2632 1186 2699 adver·

190 2745 289 2812 sitate
308 2741 406 2808 divisi
421 2747 510 2819 sunt,
533 2756 571 2799 eo
586 2733 622 2796 in
638 2733 801 2798 bonorum
814 2733 952 2819 gravius
967 2756 1048 2801 nece
1063 2734 1183 2819 glome-

188 2854 315 2912 rentur.
352 2838 419 2916 Qui
435 2855 513 2916 ergo
527 2832 658 2917 iniquos
673 2854 755 2918 pace
772 2835 889 2917 societ,
911 2835 1083 2923 iniquitati
1096 2835 1187 2900 vires

190 2942 417 3015 administrat,
452 2931 533 3018 quia
554 2931 659 2998 bonos
681 2930 827 2998 deterius
854 2933 1062 3021 deprimunt,
1100 2955 1187 3019 quos

191 3055 226 3110 et·
245 3033 443 3108 unanimiter
455 3046 714 3119 persequuntur.
748 3032 847 3098 Unde
866 3034 1076 3119 praedicator
1090 3054 1189 3118 egre-

190 3143 267 3226 gius
295 3131 394 3218 gravi
418 3129 675 3197 Pharisaeorum
705 3131 1043 3218 Sadducaeorumque
1071 3155 1188 3220 perse-

191 3239 319 3308 cutione
343 3231 588 3318 deprehensus,
611 3231 699 3296 inter
725 3234 922 3321 semetipsos
945 3231 1091 3296 dividere
1115 3243 1187 3298 stu·

192 3395 475 3408 ...n--m--ff

228 3484 248 3548 ¹)
266 3482 331 3538 Alit.
349 3496 425 3548 ress,
450 3494 481 3533 se
506 3481 530 3532 si
556 3486 704 3548 peccatores
727 3480 882 3533 Antichristi
907 3493 971 3532 vesu
996 3483 1190 3550 nuncupentur,

260 3585 319 3623 cum
342 3573 426 3622 temen
451 3565 479 3619 S.
502 3564 623 3633 Gregorii
647 3564 691 3617 lib.
709 3565 827 3621 XXXII.
851 3580 907 3619 nro.
925 3566 967 3622 22.
994 3564 1190 3620 Antichristum

260 3669 309 3710 sss
327 3655 424 3710 diaboli
440 3653 562 3724 appellet.
580 3681 612 3692 -
631 3651 651 3716 ²)
669 3652 726 3706 lob.
744 3652 787 3721 41,
805 3652 847 3708 14.
867 3681 896 3691 -
918 3650 938 3716 ⁸)
955 3651 1011 3706 lob.
1029 3650 1071 3716 41,
1089 3648 1115 3705 7.
