2556 4150
513 155 721 248 Α..

114 341 310 412 babeat*
337 330 473 408 Uxori
491 344 557 408 t'ir
585 340 773 410 debiturn
796 343 977 429 reddat}
1008 347 1119 414 sisne

117 442 224 512 liter
243 450 399 528 'eutem
425 451 469 508 et
496 462 607 510 uxor
635 440 785 528 viro‘)
828 443 875 510 Et
894 443 998 532 paulo
1027 457 1119 532 post:

119 541 268 610 Nolite
296 540 520 607 fraudare
551 541 770 624 invicem,
799 541 895 608 nisi
925 541 1038 609 forte
1066 565 1120 611 ex

118 663 327 710 consensu
350 637 400 706 ad
427 651 613 728 tempus,
645 651 696 706 ut
724 643 888 707 vacetis
918 644 1119 728 orationi,

117 743 338 809 etiterum
366 741 642 809 revertimini
668 741 712 806 in
738 742 937 828 idipsum,
965 763 1016 809 ne
1034 750 1118 811 teu·

116 850 178 909 tet
198 863 271 908 vos
294 849 480 906 satanas.
489 835 516 926 Φ)
559 839 647 907 Ecce
665 841 737 928 jam
759 840 957 907 coelestibus
979 842 1118 910 secretis

117 939 295 1022 inseritur,
319 947 485 1005 ettamen
506 960 567 1026 per
581 938 873 1006 condescensionis
894 941 1024 1006 viscera
1041 949 1116 1008 cter-

117 1038 246 1105 ualinm
268 1037 378 1104 cubile
399 1048 648 1126 perscrutatur,
677 1047 710 1104 et
732 1059 830 1126 quem
854 1038 1048 1106 sublevatus
1072 1039 1117 1106 at

118 1137 307 1204 invisibilia
330 1139 447 1223 erigit,
477 1136 566 1204 bunc
595 1141 774 1203 miseratus
804 1138 847 1202 ad
876 1147 1006 1204 secrete
1027 1138 1115 1205 ints

118 1237 278 1303 mentium
301 1237 434 1304 oculum
461 1235 570 1302 cordis
591 1237 703 1302 flectit
749 1238 887 1304 Ocelum
915 1237 1116 1326 contempla·

118 1337 209 1402 tione
230 1338 448 1418 transcendit,
472 1359 535 1402 nec
555 1347 670 1402 tamen
683 1345 824 1403 stratum
846 1336 1033 1402 carnalium
1054 1336 1116 1404 sol·

121 1433 289 1501 licitudine
319 1434 460 1517 deserit,
500 1438 581 1522 quia
609 1457 768 1523 compage
801 1437 950 1502 caritatis
983 1437 1117 1502 summis

120 1533 216 1600 simul
249 1547 282 1601 et
308 1535 431 1601 infimis
461 1537 617 1624 junctus,
655 1545 688 1602 et
715 1537 752 1601 in
781 1537 958 1621 semetipso
992 1539 1117 1602 virtute

118 1633 256 1719 spiritus
280 1633 415 1701 adalta
437 1634 590 1700 valenter
611 1637 755 1722 rapitur,
778 1645 810 1700 et
833 1637 957 1721 pietate
979 1637 1014 1700 in
1036 1634 1116 1700 aliis

120 1735 366 1821 aequanimiter
387 1733 584 1800 infirmatur.
627 1735 715 1800 Hinc
737 1737 857 1800 etenim
879 1735 978 1802 dicit:
1009 1734 1116 1815 Quis

119 1831 365 1912 infirmatur,
388 1842 428 1897 et
449 1855 526 1918 ego
545 1856 629 1899 non
647 1833 867 1900 infirmor?
889 1836 981 1921 quis¹
1002 1854 1117 1898 soan-

123 1928 362 2014 dalinatur,
394 1942 433 1997 et
455 1954 535 2016 ego
565 1953 649 1997 non
676 1935 847 2019 uror?⁵)
889 1933 977 1999 Hinc
999 1951 1118 1998 rursus

124 2029 348 2095 ait2Faotus
372 2032 644 2098 sumJudaeis
666 2042 873 2119 tamquam
889 2031 1116 2112 Judaeusd)

90 2165 93 2171 ·
123 2126 222 2207 Quod
243 2128 393 2196 videlicet
424 2131 609 2197 exhibebat
635 2153 701 2197 non
723 2130 904 2197 amittendo
925 2131 1037 2212 fidem,
1060 2129 1140 2195 sedv

121 2228 331 2296 extendendo
344 2229 370 2313 ὁ)
392 2233 563 2318 pietatem,
586 2241 624 2296 ut
645 2231 728 2296 inse
744 2228 1117 2317 personaminlidelinm

81 2382 84 2388 .
119 2329 363 2414 uansfigurans
396 2353 440 2396 ex
469 2333 645 2419 semetipso
673 2331 831 2410 disceret,
870 2329 1017 2416 qualiter
1042 2327 1116 2394 aliis

119 2427 270 2494 misereri
301 2427 487 2512 debuisset3
518 2441 683 2516 quatenus
716 2430 778 2496 hoc
799 2429 868 2495 illis
897 2427 1114 2516 impenderet,

119 2524 211 2612 quod
235 2527 301 2593 sibi
323 2530 408 2617 ipse,
432 2533 460 2594 si
482 2533 529 2596 ita
551 2541 651 2612 esset,
674 2528 820 2617 impendi
833 2539 920 2596 recte
942 2529 1114 2595 voluisset.

119 2624 207 2693 Hinc
234 2627 354 2694 iterum
384 2628 479 2696 dicit:
518 2629 624 2696 Sive
652 2641 799 2696 mente
829 2629 1112 2707 excedimus,

121 2727 224 2810 De03
247 2729 339 2794 sive
363 2727 491 2794 sobrii
514 2751 674 2814 sumus,
699 2729 883 2812 vobis,⁰)
905 2730 985 2816 quia
1008 2737 1041 2792 et
1063 2717 1113 2791 se—

117 2827 295 2914 metipsum
306 2836 445 2893 noverat
454 2828 705 2915 contemplando
717 2827 965 2909 transcendere,
979 2836 1013 2893 et
1024 2845 1112 2891 eum·

119 2920 194 2986 dem
216 2947 252 2989 se
274 2926 483 2994 auditoribus
496 2925 788 2994 condescendendo
798 2938 993 3015 temperare.
1026 2926 1114 2994 Hinc

118 3019 226 3086 Jacob
246 3020 388 3091 Domino
409 3025 553 3114 desuper
573 3027 752 3109 innitente,
779 3037 811 3092 et
833 3036 935 3093 uncto
959 3027 1113 3095 deorsum

119 3117 243 3205 lapide,
265 3124 482 3192 ascendentes
503 3149 544 3191 ac
553 3123 794 3193 descendentes
814 3125 963 3211 Angelos
975 3125 1071 3209 vidit,
1085 3128 1112 3211 7)

115 3219 201 3306 'quia
228 3216 358 3285 scilicet
377 3225 627 3310 praedicatores
654 3227 736 3292 recti
758 3247 824 3291 non
839 3225 959 3292 ¹solum
981 3245 1112 3292 sursum

145 3445 166 3527 'l
182 3464 210 3517 1·
229 3465 289 3521 Gor·
308 3467 332 3532 ⁷,
350 3466 376 3519 2·
397 3495 426 3506 -
457 3469 477 3532 ²)
496 3468 519 3524 1.
538 3471 596 3525 cor.
616 3473 639 3538 r,
658 3471 683 3526 s.
718 3500 747 3510 -
785 3467 852 3538 ⁸)o.
872 3471 929 3523 cor.
948 3467 988 3534 11,
1007 3468 1050 3522 ae.
1078 3498 1110 3506 -

185 3547 208 3618 4)
228 3550 251 3603 1.
270 3551 329 3605 Gor.
346 3553 371 3622 9,
395 3555 437 3610 20.
458 3583 487 3594 ·-
507 3555 527 3619 5)
547 3556 604 3610 Alit
621 3558 786 3615 ostendendo.
808 3585 836 3594 -
867 3555 887 3618 ⁶)
906 3555 937 3625 2:
945 3551 1049 3644 pepp,
1069 3554 1110 3608 13.

186 3635 206 3697 Ἶ
223 3635 287 3693 Gen.
305 3637 346 3708 28,
367 3640 407 3695 12.
552 3647 554 3654 ’
1014 3657 1016 3662 ’
