2556 4150
530 187 760 278 ’Λᾶ-ἴ

133 355 257 425 oribus
277 353 395 424 latent
411 353 438 442 ¹)
481 353 573 436 Quid
583 355 915 444 namqueduodecim
926 356 1134 439 bobur,.nisi

137 458 323 524 universus
343 463 514 540 postorum
535 454 613 522 ordo
628 455 849 541 designatur?
863 455 892 541 2)
934 457 992 522 De
1010 457 1143 544 quibus·

133 555 248 622 faulo
275 552 458 640 disserente
486 554 572 620 Len
587 555 680 622 dicit:
714 555 802 622 Non
830 555 1058 624 obturabis
1088 577 1133 626 os

140 655 244 721 bovi
271 654 518 719 trituranti.
534 653 561 740 3)
607 653 757 734 Quorum
779 654 914 740 quidem
934 679 995 722 nos
1016 667 1133 744 aperta

136 774 243 838 opera
263 755 442 834 cernimus,
467 754 525 819 sed
547 755 639 840 apud
659 754 844 820 districtum
862 753 1023 841 judicem,
1046 777 1133 840 quae

135 853 215 920 illos
237 853 403 938 posterius
425 864 585 919 maneant
605 855 640 918 in
661 853 788 920 occulta
809 853 1046 936 retributione,
1077 875 1135 919 ne·

138 955 270 1020 scimus.
317 949 384 1030 Qui
412 961 524 1016 tamen
551 975 624 1016 oum
656 950 944 1020 condescensionis
971 975 1052 1020 suae
1074 973 1134 1040 pa,-

133 1053 292 1119 utientisrnr
315 1050 484 1117 diluendis
500 1053 728 1137 proximorum
750 1053 1014 1118 confessionibus
1036 1073 1133 1138 pree-

139 1160 272 1240 parant,
296 1149 390 1216 velut
412 1160 490 1216 ante
515 1151 603 1216 fores
625 1152 742 1238 templi
763 1153 904 1218 luterem
926 1161 1073 1239 portant,
1096 1159 1135 1220 ut

141 1252 294 1338 quisquis
315 1253 441 1316 intrare
474 1251 684 1316 aeternitatis
711 1255 850 1338 januam
874 1252 1001 1332 nititur,
1025 1259 1133 1318 tenta·

142 1351 246 1414 tiones
269 1373 348 1416 suas
370 1351 475 1414 menti
490 1351 635 1432 postoris
657 1349 792 1434 indicet,
815 1352 958 1436 etquasi
978 1351 1012 1417 in
1034 1349 1135 1416 bourn

142 1449 486 1534 lutere'cogitationis
514 1449 569 1514 vel
598 1452 707 1536 operis
735 1473 853 1516 manus
883 1447 983 1516 lavet.
1027 1447 1134 1514 Erfit

139 1549 360 1636 plerumque,
390 1558 428 1612 ut
459 1546 701 1615 dumorectoris
730 1550 861 1614 animus
877 1581 880 1587 ¹
894 1549 1003 1614 aliena
1025 1557 1132 1613 tenta-

137 1658 251 1712 mento
273 1645 567 1712 condescendendo
588 1651 771 1733 cognoscit,
795 1648 918 1714 auditis
940 1648 1132 1714 tentationi-

140 1746 203 1811 bus
225 1748 324 1811 etiam
345 1751 417 1832 ipse
450 1746 617 1833 pulsetur3
647 1749 727 1836 quia
751 1759 784 1814 et
805 1749 888 1812 haec
908 1747 1041 1827 eadem,
1072 1769 1133 1832 per

134 1868 241 1932 quam
262 1847 378 1932 populi
400 1845 578 1911 multitudo
600 1845 751 1928 diluitur,
774 1869 864 1934 aqua
887 1846 1002 1933 procul
1033 1842 1134 1910 dubio

138 1944 257 2007 luteris
291 1946 494 2029 inquinatur.
551 1945 635 2008 Nam
672 1946 749 2009 dum
784 1945 900 2010 sordes
937 1945 1134 2010 diluentium

141 2043 294 2129 suscipit,
324 2047 421 2129 quari
451 2067 530 2110 suae
557 2045 744 2109 munditiae
772 2046 985 2110 serenitatem
1013 2042 1132 2130 perdit

136 2141 209 2208 *Sed
237 2140 322 2208 haec
349 2165 563 2231 nequaquam
595 2143 723 2229 pastori
750 2143 896 2208 timenda
925 2154 1019 2224 sunt,
1052 2143 1133 2227 quis

138 2241 213 2306 Deo
237 2243 402 2308 subtiliter
424 2251 546 2322 cuncta
572 2253 737 2329 pensante
758 2251 852 2308 tanto
872 2241 1003 2321 facilius
1027 2261 1047 2304 a
1072 2263 1133 2310 sua

132 2342 296 2426 eripitur,
328 2352 454 2426 quanto
477 2340 726 2408 misericordius
748 2364 792 2406 ex
814 2341 928 2406 aliena
950 2341 1132 2408 tentatione

137 2440 310 2525 fatigatur.
494 2433 498 2440 ¹

492 2559 684 2624 GAPUT
716 2557 776 2622 VI.

172 2677 414 2729 Utsitrector
442 2677 526 2730 bene
550 2677 744 2744 agentibus
773 2690 834 2743 per
854 2675 1096 2728 hurnilitntem

170 2758 310 2818 socius,
336 2767 456 2813 eontra
482 2761 750 2831 delinquentium
776 2762 874 2813 vitia
896 2773 959 2828 per
984 2761 1126 2812 zelum·

451 2847 636 2917 justitiae
658 2853 813 2900 erectus.

180 2957 251 3054 ⁴Sit
284 2974 392 3028 rector
419 2961 504 3027 bene
533 2962 711 3048 agentibus
740 2985 801 3050 per
833 2962 1053 3028 humilitatem
1078 2985 1130 3028 soe
1240 3013 1245 3024 .

132 3058 219 3139 cius,
243 3069 361 3125 contra
382 3059 646 3148 delinquentium
663 3063 744 3128 vitia
765 3084 826 3149 per
849 3059 955 3125 zelum
972 3061 1129 3147 justitiae

105 3221 109 3226 .
137 3164 288 3238 erectus3
318 3171 356 3224 ut
378 3159 526 3228 ethonis
549 3163 584 3227 in
606 3159 702 3226 nullo
726 3167 760 3226 s'c
783 3159 971 3248 praeterat,
1002 3171 1146 3225 etcum.

135 3277 317 3346 pravorum
339 3259 440 3344 culpa
462 3260 578 3344 exigit,
600 3268 797 3346 potestatem
813 3259 968 3344 protinus
990 3259 1044 3322 sui
1064 3257 1131 3342 pri·

134 3367 252 3424 oratus
273 3367 457 3442 agnoscat:
477 3370 645 3447 qnatenus
666 3359 845 3445 ethonore
868 3375 1052 3444 suppresso
1073 3377 1129 3420 ae-

135 3455 268 3542 qualem
289 3477 331 3522 so
348 3454 494 3525 subditis
511 3458 597 3524 bene
619 3455 810 3546 viventibus
831 3455 981 3542 deputet,
1003 3463 1132 3540 eterga

131 3575 424 3605 murm—-

162 3600 191 3707 x¹)
208 3640 234 3695 3.
253 3643 318 3711 seg.
337 3643 361 3709 r,
380 3640 424 3698 ra
441 3647 493 3700 os
509 3666 539 3678 -
553 3588 581 3708 ¹²)
600 3641 625 3694 1·
642 3643 699 3695 cor.
716 3643 742 3708 ‘t
759 3642 786 3696 t
804 3667 837 3680 ··
857 3637 880 3706 'l
895 3639 971 3695 ⁰⁰¹¹*-
989 3639 1031 3704 ᾖε
1049 3637 1075 3703 ⁴·
