2520 4152
533 163 589 218 ,ω
631 169 773 236 m-

157 331 355 404 sunericus
376 333 596 400 medicamina
617 343 773 420 opponat.
794 333 817 420 ¹)
844 331 929 397 *Sed
949 331 1160 418 cummuni

161 433 208 500 sit
231 429 351 514 studii,
375 445 413 500 ut
435 431 646 498 exhortandis
675 432 814 517 singulis
837 432 1003 499 serviatur
1023 431 1068 495 ad
1090 432 1157 496 sin-

160 531 260 618 gula,
293 553 367 596 curn
391 531 487 598 valde
518 529 718 596 laboriosum
752 533 795 596 sit
823 551 1093 621 unumquemque
1116 530 1158 598 de

161 631 309 718 propriis
341 631 404 698 sub
435 630 678 714 dispensatione
712 630 844 720 debitae
881 631 1159 710 considerationis

161 731 341 816 instruere3
369 729 466 816 longe
486 738 599 798 tamen
620 729 820 798 laboriosius
844 743 895 798 est
917 731 1085 799 auditores
1109 731 1159 797 in·

163 850 320 896 numeros
337 832 363 918 ²)
395 851 434 894 ac
457 828 595 896 diversis
617 831 830 917 passionibus
852 831 1068 913 laborantes,
1091 854 1160 898 uuo

159 929 344 1016 eodemque
365 939 511 1014 tempore
522 979 532 1012 ,
556 953 636 996 voce
657 933 758 998 unius
780 940 814 994 et
834 933 1013 996 communis
1034 930 1160 1020 exhor·

161 1031 297 1098 tationis
309 1029 494 1094 admonere.
509 1027 535 1116 ³)
578 1030 633 1096 Ibi
650 1033 773 1118 quippe
795 1039 890 1096 tanta
902 1040 974 1096 arte
986 1053 1049 1096 vox
1073 1039 1159 1095 tem-

160 1128 312 1240 peranda
334 1139 403 1209 est,
426 1138 464 1194 ut
494 1150 568 1194 cum
592 1130 724 1196 diversa
755 1131 821 1196 sint
849 1130 1036 1198 auditorum
1059 1131 1160 1214 vitia,

159 1239 195 1294 et
217 1227 357 1314 singulis
373 1229 566 1294 inveniatur
590 1252 749 1314 congrua,
774 1238 935 1296 ettamen
957 1231 1162 1318 sibimetipsi

161 1351 226 1396 non
249 1330 290 1392 sit
311 1327 458 1412 diversa5
483 1338 521 1394 ut
542 1331 628 1392 inter
648 1331 822 1416 passiones
844 1330 971 1396 medias
993 1351 1059 1396 uno
1082 1333 1160 1418 qui-

163 1430 235 1494 dem
257 1426 359 1492 ductu
370 1439 531 1512 transeat,
553 1430 612 1494 sed
625 1451 714 1493 more
729 1430 874 1515 bicipitis
892 1431 998 1514 gladii
1011 1439 1158 1498 tumores

157 1527 395 1612 cogitationum
425 1526 607 1594 carnalium
641 1549 684 1592 ex
720 1530 853 1594 diverso
880 1529 986 1594 latere
1017 1530 1155 1614 incidat,
1243 1595 1244 1610 1

162 1637 326 1714 quatenus
349 1628 399 1692 sic
421 1627 575 1714 superbis
596 1628 808 1715 praedicetur
830 1627 1019 1712 humilitas,
1045 1640 1082 1695 ut
1103 1641 1150 1694 ta·
1243 1619 1244 1640 ³

161 1749 235 1792 men
255 1725 380 1793 timidis
401 1751 468 1794 non
490 1737 614 1814 augeat
616 1751 655 1794 ur
677 1739 791 1795 metus.
825 1728 881 1800 Sic
896 1729 1021 1794 timidis
1042 1725 1155 1796 iniun-

161 1825 218 1890 dat
205 1837 260 1890 tur
282 1829 536 1911 auctoritas‚ut
498 1837 669 1893 attamen
692 1811 846 1918 superbis
867 1851 935 1896 non
957 1838 1085 1900 crescat
1107 1826 1153 1893 ei·

156 1905 279 1995 frenat
256 1936 310 1992 ιιο
348 1925 406 1995 Sic
427 1929 541 1994 otiosis
563 1949 603 1994 ac
624 1927 834 2018 torpentibus
857 1929 1068 2016 praedicetur
1090 1929 1156 2010 sol·

158 2023 297 2092 licitudo
320 2024 535 2116 bonioperis,
556 2039 594 2096 ut
614 2041 726 2096 tamen
743 2030 903 2117 inquietis
918 2027 1158 2098 immoderatae

158 2123 272 2192 licent
248 2135 297 2190 tra
317 2149 385 2194 non
408 2138 574 2214 augeatur
596 2130 747 2198 actionis.
781 2131 848 2196 Sic
870 2129 1029 2216 inquietis
1042 2151 1161 2219 pona·

155 2232 213 2288 tur
228 2225 364 2316 modus,
386 2239 435 2292 ut
431 2224 554 2293 tamen
577 2229 689 2294 otiosis
711 2250 779 2294 non
799 2227 886 2300 fiatt
873 2235 984 2310 torpor
1007 2248 1160 2292 securus.

159 2307 230 2388 Sic
238 2323 282 2390 ab
304 2325 572 2414 impatientibus
579 2329 798 2409 extinguatur
812 2327 887 2405 ira,
909 2333 946 2388 ut
967 2333 1077 2386 tamen
1100 2345 1160 2387 re-

156 2425 269 2490 missis
292 2447 332 2491 ac
343 2424 475 2492 lembus
492 2449 560 2491 non
581 2433 708 2490 crescat
721 2423 942 2506 negligentia.
978 2419 1037 2486 Sic
1058 2421 1160 2491 lenes

152 2523 386 2592 accendantur
405 2526 449 2592 ad
469 2524 596 2606 zelum,
623 2533 661 2587 ut
681 2530 792 2586 tamen
815 2519 985 2590 iracundis
1005 2542 1072 2586 uon
1095 2521 1157 2594 ad·

159 2622 468 2690 daturincsndium.
498 2623 555 2688 Sic
578 2619 754 2688 tenacibus
774 2621 974 2688 infundatur
982 2621 1157 2688 tribuendi

152 2719 317 2810 largitas,
346 2728 385 2789 ut
404 2733 518 2790 tamen
538 2719 686 2809 prodigis
709 2720 880 2788 effusionis
900 2721 999 2788 frena
1020 2723 1153 2788 minime

157 2815 326 2890 lanientur.
355 2819 571 2908 Sicprodigis
583 2819 795 2910 praedicetur
810 2823 970 2912 partitas,
993 2831 1155 2889 uttamen

152 2915 334 3014 tenacibus
354 2917 579 3010 periturarum
593 2919 704 2989 rerum
718 2921 870 2990 custodia
892 2945 957 2990 non
980 2933 1156 3010 augeatur.

153 3023 218 3092 ··Sic
236 3020 520 3098 incontinentibus
548 3016 706 3094 laudetur
734 3023 949 3110 conjugium,
977 3031 1015 3091 ιιι
1041 3031 1156 3090 tamen

146 3125 223 3209 jam
244 3122 453 3188 continentes
468 3132 742 3188 nonreuooentur
763 3121 807 3186 ad
828 3122 955 3188 luxum
999 3121 1055 3188 Sic
1075 3146 1157 3198 con-

95 3273 97 3280 ,
156 3219 341 3290 sinentibus
362 3220 519 3288 laudetur
537 3221 722 3314 virginitas
738 3222 926 3310 minoris,
923 3229 970 3290 nt
984 3222 1129 3288 tumen·
1120 3245 1155 3287 m

151 3318 363 3443 conjugibus
374 3322 538 3440 despecta
558 3342 627 3387 non
645 3310 708 3386 liat
726 3320 915 3402 fecunditas
937 3321 1070 3439 οιιιιὶι.Ι
1077 3319 1156 3440 Sic

180 3507 207 3622 ,ι
222 3555 287 3609 ιιι
303 3559 429 3624 appensos
445 3583 479 3596 -
497 3553 534 3623 ²).
541 3553 622 3612 stit
615 3499 820 3613 innumeris-
817 3552 866 3616 ι
882 3484 953 3614 altu
960 3509 1155 3676 semideis

174 3667 176 3672 ·
223 3641 399 3696 admonitione
418 3642 554 3696 insuere
983 3686 987 3695 ,
1012 3665 1073 3698 ,,ι.··
