2556 4150
581 151 787 232 „44-

175 314 339 402 ,orielem
361 313 568 404 Angelorum
599 317 704 386 vitam
723 316 914 418 despieiene
936 321 1000 396 ait.
1026 319 1178 418 Ponarp

180 417 319 484 eedem
345 439 469 485 meam
492 416 543 483 ad
564 411 837 503 Aquilonem,
860 426 900 487 et
928 439 998 486 ero
1020 392 1177 484 similis

176 515 412 584 Altissimo.
431 513 456 601 ¹)
502 514 588 583 Miro
612 538 692 602 ergo
711 515 944 603 Judieiointus
965 517 1098 582 foveam
1120 515 1176 581 de-

173 616 334 704 jectionis
355 617 494 696 invenit,
520 614 597 680 dum
618 615 701 682 foris
724 639 759 682 se
782 619 816 682 in
834 617 979 682 eulmine
1001 618 1178 704 potesta-tie

181 714 319 782 extollit.
361 717 546 802 Apostatae
575 717 700 802 quippe
720 715 852 800 Angelo
880 716 998 783 similis
1022 708 1176 800 efficitur,

174 815 258 887 ‚dum
279 814 374 882 homo
395 814 583 880 hominibus
617 837 689 881 esse
720 816 837 882 similis
866 817 1078 904 dedignatur.
1123 815 1177 884 Sic

182 914 264 984 Saul
284 926 360 1000 post
380 912 582 980 humilitatis
596 917 746 982 meritum
767 917 974 984 interrorem
996 917 1175 1002 superbiae

173 1016 321 1090 eulmine
343 1016 519 1100 potestatis
541 1017 705 1083 exerevit:
728 1039 789 1104 per
808 1017 1029 1084 humilitatem
1051 1017 1174 1106 quippe

178 1115 353 1203 praelatus
376 1123 444 1197 est,
477 1137 538 1203 per
567 1114 759 1202 superbiam
787 1116 1002 1206 reprobatus,
1030 1115 1174 1182 Domino

173 1225 371 1296 attestante,
393 1216 529 1300 quiait:
552 1216 695 1280 Nonne
718 1239 942 1282 cumesses
965 1214 1174 1302 parvulus

177 1318 216 1380 in
239 1313 380 1380 oeulis
403 1315 508 1397 tuis,
531 1325 657 1401 eaput
679 1325 716 1380 te
746 1317 949 1407 constitui
976 1315 1019 1380 in
1041 1314 1172 1386 tribu·

176 1414 253 1478 bus
276 1414 439 1498 Israel?
456 1413 482 1500 ²)
526 1415 710 1480 Parvulum
744 1437 778 1478 se
802 1417 838 1478 in
861 1415 929 1480 suis
951 1415 1045 1502 prius
1068 1414 1172 1480 oeulis

175 1511 402 1594 viderat,-sed
424 1513 530 1578 fultus
558 1512 736 1600 temporali
763 1516 914 1598 potentia
937 1516 1010 1600 jam
1038 1535 1073 1578 se
1095 1537 1170 1600 par·

175 1611 288 1677 sulum
316 1635 384 1688 non
412 1611 559 1678 videbat.
603 1611 798 1676 Ceterorum
829 1633 974 1696 namque
1001 1634 1172 1699 eompara-

173 1711 258 1776 tioni
281 1735 315 1776 se
339 1711 545 1796 praeferens,
572 1711 652 1798 quia
674 1708 749 1796 plus
774 1712 900 1776 eunetis
914 1721 1055 1794 poterat,
1078 1733 1172 1796 mag·

174 1833 252 1876 num
276 1833 311 1874 se
333 1833 416 1898 prae
431 1811 583 1876 omuibus
595 1808 802 1876 aestimabat.
845 1809 932 1874 Miro
944 1819 1055 1874 autem
1073 1811 1172 1874 modo

170 1930 248 1974 eum
270 1908 361 1996 apud
385 1933 419 1974 se
450 1908 628 1996 parvulus,
661 1909 752 1996 apud
773 1909 882 1974 Deum
905 1931 1061 1992 magnum
1095 1931 1174 1974 eum

173 2029 251 2075 vero
274 2007 365 2094 apud
377 2030 412 2072 se
426 2030 568 2092 magnus
583 2009 753 2094 apparuit,
777 2007 868 2094 apud
881 2007 991 2072 Deum
1006 2006 1171 2094 parvulus

169 2107 246 2172 fuit.
288 2107 494 2194 Plerumque
516 2129 595 2191 ergo
619 2107 696 2172 dum
718 2128 760 2172 ex
779 2105 1006 2194 subjectorum
1029 2103 1166 2170 affluen-

171 2209 219 2272 tia
241 2209 372 2274 animus
392 2207 543 2289 infletur,
567 2209 602 2272 in
623 2206 751 2272 fluxum
769 2204 796 2292 3)
820 2204 999 2292 superbiae
1015 2209 1087 2292 ipso
1111 2227 1165 2293 po-

170 2308 295 2372 tentiae
324 2308 461 2390 fastigio
496 2307 706 2372 lenocinante
743 2307 970 2392 corrumpitur.
984 2303 1012 2389 l)
1056 2305 1168 2386 Quam

172 2465 470 2480 *W-

198 2537 1062 2620 ommmummuumu-JmMmu

194 2653 215 2723 ⁴)
233 2653 376 2724 Superbiae
394 2655 545 2725 hujusmodi
570 2649 754 2722 deplorantem
781 2656 925 2724 exemplum
945 2656 1065 2725 praebuit
1081 2655 1166 2706 leat-

237 2755 285 2795 nes
300 2741 444 2811 Jejunator‚
462 2741 603 2808 episeopus
614 2739 926 2810 constantinopolitanus,
945 2743 990 2810 qui
1008 2741 1059 2794 sibi
1076 2741 1165 2794 amun

237 2827 332 2880 tionum
351 2826 571 2882 uniuersalis
597 2827 771 2895 Episcopi
788 2829 891 2883 titulum
910 2843 1038 2896 usurpare
1056 2833 1166 2887 renotem

235 2919 284 2972 est.
319 2911 384 2982 Ejus
411 2913 563 2982 hypocrisin
587 2911 614 2964 S.
632 2911 753 2966 Pontifex
776 2915 892 2982 depingit
918 2913 983 2970 libro
1003 2917 1034 2968 V.
1061 2929 1102 2984 ep.
1120 2912 1165 2987 20.

235 2998 299 3066 (ulit.
319 2999 365 3053 lib.
383 2999 434 3050 ΙΙΙ.
453 3012 494 3066 ep.
512 2997 566 3066 32.)
590 3001 623 3050 ad
642 2999 796 3051 Mauricium
815 3002 977 3068 Augustum:
1005 2999 1093 3068 „Quid
1111 3015 1164 3052 eu-

235 3090 285 3138 tem
303 3083 399 3141 dicturi
419 3097 524 3148 sumus,
543 3084 588 3150 ait,
608 3085 654 3152 qui
674 3086 797 3154 populum
817 3087 879 3150 Dei,
898 3087 941 3138 eui
959 3087 1065 3154 indigue
1083 3099 1164 3154 prae-

235 3183 333 3236 sumus,
359 3181 522 3236 peccatorum
541 3175 684 3222 nostrorum
704 3171 825 3224 oneribus
843 3169 1004 3242 premimus?
1032 3173 1075 3240 qui
1094 3172 1165 3240 quod

169 3309 172 3314 ,
233 3269 279 3324 per
296 3253 414 3322 lingnam
432 3255 630 3332 praedicamus,
649 3271 695 3324 per
712 3257 833 3324 exempla
850 3258 1025 3310 destruimus:
1044 3258 1089 3324 qui
1107 3256 1163 3309 ini-

127 3399 131 3409 ,
232 3355 286 3410 qua
303 3341 424 3394 docemus
442 3341 571 3410 operibus,
590 3348 615 3394 et
634 3343 765 3395 solavoee
784 3357 816 3394 en
834 3350 975 3410 quaesunt
989 3341 1063 3414 jueta
1081 3355 1163 3412 prae-

176 3476 179 3495 ,
231 3427 382 3480 tendimus?
409 3426 479 3481 Osse
493 3427 767 3498 jejuniisetteruutur
785 3433 811 3480 et
822 3436 1056 3498 menteturgemus
1092 3429 1163 3482 Gor-

183 3569 186 3578 ,
230 3526 282 3583 pue
299 3513 428 3582 despectis
452 3511 568 3568 vestibus
594 3513 704 3583 tegitur,
734 3518 759 3566 et
776 3513 888 3566 eletione
915 3515 1000 3568 cordis
1017 3529 1163 3603 purpuram

232 3610 395 3667 superemus.
430 3600 580 3654 Juoemue'
572 3615 599 3659 ro
611 3601 706 3666 cinere,
723 3606 748 3654 st
762 3596 1078 3686 οιωίςιάθερίοἰῳᾳε,
1074 3594 1163 3655 Doe-
