2554 4172
545 117 687 190 ‚144
728 156 765 166 ,.

155 307 217 352 neo
239 305 300 350 sun
322 283 531 370 largiuntur,
551 295 588 348 ut
610 283 718 350 scient
741 284 891 368 sollicite,
916 285 1005 373 quod
1026 308 1083 368 en,
1104 287 1154 352 de

157 405 224 472 que
248 385 348 450 sumti
372 395 471 464 snut,
493 382 619 448 cunctis
640 383 829 448 hominibus
852 393 943 449 terra
965 385 1155 452 communis
1258 455 1259 458 ,

155 493 216 564 est,
236 493 269 549 et
290 482 412 549 idcirco
430 482 583 548 elimenta
599 503 733 567 quoque
755 481 907 548 omnibus
930 485 1151 550 communiter
1258 475 1259 532 ἶ

153 582 290 671 profert
331 584 503 650 Incassum
525 601 603 662 ergo
633 603 669 644 se
702 582 897 648 innocentes
918 591 1056 668 putent,
1088 585 1150 670 qui

153 703 324 750 commune
346 683 411 748 Dei
433 703 551 746 munus
583 677 648 744 sibi
679 681 846 765 privatum
870 681 1056 764 uindicant3
1087 683 1151 769 qui

153 801 227 847 cnm
249 793 386 868 accepte
398 801 462 844 non
473 777 634 861 tribuunt,
657 780 692 844 in
704 779 927 864 proximorum
946 801 1028 844 nece
1050 803 1149 864 gras·

153 889 288 962 sentum
318 879 396 966 quie
420 888 468 940 tet
489 899 574 964 pene
598 878 744 964 quotidie
766 881 949 964 perimunt,
978 892 1058 966 quot
1078 901 1149 946 mo·
1258 939 1259 944 ,

151 980 308 1045 rientium
337 996 518 1063 pauperum
551 975 641 1063 apud
675 999 710 1042 se
741 978 893 1044 subsidia
925 977 1153 1048 abscondunt.

152 1077 238 1143 Num
272 1097 343 1142 cum
372 1072 545 1160 quaelibet
574 1079 766 1142 necessarie
793 1077 1022 1162 indigentibus
1048 1078 1148 1143 mini·

149 1185 311 1257 strumus,
349 1195 410 1238 sun
432 1172 500 1237 illis
522 1172 702 1255 reddimus,
736 1197 803 1241 non
826 1188 943 1243 nostre
965 1175 1149 1264 largimur3

145 1278 300 1363 justitiae
321 1269 468 1338 debitum
492 1273 603 1360 potius
625 1263 804 1355 solvimus,
837 1298 936 1361 quem
958 1275 1146 1342 misericor·
1239 1299 1242 1305 ·

149 1374 224 1440 dise
246 1394 346 1457 opera
375 1369 559 1456 implemus,
603 1369 701 1436 Unde
726 1380 760 1436 et
785 1374 859 1460 ipss
881 1375 1037 1456 Veritas,
1067 1397 1145 1441 cum
1260 1421 1261 1464 3

148 1473 190 1538 de
211 1469 434 1536 misericordia
449 1486 545 1534 eante
558 1469 748 1534 exbibenda
767 1471 969 1559 loqueretur,
993 1477 1054 1540 nit:
1077 1475 1145 1540 Ae-

146 1570 364 1649 tendite,
394 1591 442 1633 ne
465 1570 704 1656 justitium
728 1583 922 1638 vestram
944 1574 1148 1642 fecistis

148 1689 295 1733 cerem
326 1665 638 1744 homiuibus.¹l
690 1671 754 1737 Oui
788 1693 924 1758 quoque
954 1675 1146 1741 sententies

147 1769 245 1832 etiem
266 1766 442 1851 psalmista
464 1769 642 1834 concinens
666 1768 767 1836 dicit:
804 1771 1044 1859 Dispersit,
1076 1774 1144 1844 de·

146 1865 208 1930 dit
229 1865 514 1952 pauperibus,
533 1869 712 1954 justitia
734 1873 832 1959 ejus
853 1887 992 1939 menet
1014 1874 1057 1936 in
1080 1893 1149 1936 ee·
1203 1859 1206 1864 ³

146 1965 357 2046 ternum.²)
402 1966 486 2032 (lum
510 1969 596 2034 enirn
624 1969 816 2056 largitatem
843 1973 1027 2058 impensem
1058 1993 1151 2056 peu·

145 2062 283 2145 peribus
296 2066 533 2151 praemisisset,
547 2089 614 2134 non
628 2068 718 2137 hanc
729 2091 852 2137 vocare
865 2067 1142 2153 misericordiam,

147 2159 205 2225 sed
223 2161 388 2248 justitiam
412 2165 543 2248 meluit3
566 2170 647 2251 quie
670 2170 758 2255 qnod
781 2193 801 2233 a
821 2169 984 2232 communi
997 2166 1147 2231 Domino
1260 2239 1261 2254 ,

145 2259 322 2346 tribuitur,
353 2266 478 2350 justum
501 2266 648 2352 profecto
671 2280 738 2347 cst,
770 2278 807 2330 ut
829 2267 1027 2350 quicumque
1049 2263 1139 2323 scci-

130 2358 253 2445 ‘piunt,
278 2383 316 2426 eo
339 2366 556 2430 communiter
578 2376 722 2431 utentur.
761 2363 848 2426 Hine
871 2359 969 2423 etiem
983 2355 1143 2424 Salomon

143 2460 204 2525 ait:
237 2460 321 2540 Qui
343 2464 496 2550 justus
519 2475 601 2541 est,
631 2461 812 2536 tribuet,
837 2467 877 2521 et
901 2479 980 2522 non
1003 2478 1138 2522 cesse·
1229 2453 1241 2472 ’

144 2559 258 2648 biti)
302 2561 514 2628 Admonendi
537 2573 613 2626 sunt
636 2581 781 2644 quoque,
805 2565 841 2622 ut
863 2555 1005 2622 sollicite
1028 2566 1138 2622 atten-
1198 2635 1200 2639 ¹

144 2659 237 2742 dent,
262 2661 351 2746 quod
371 2661 524 2740 ficulnea,
549 2679 635 2742 quae
657 2658 800 2722 fructum
817 2679 882 2722 non
905 2654 1035 2738 hebuit,
1058 2678 1137 2722 con·

143 2769 198 2826 trs
218 2759 306 2833 hene
338 2758 507 2823 districtus
536 2754 686 2839 agricola
717 2758 886 2841 queritur,
920 2755 1007 2843 quod
1037 2759 1141 2820 etiam

142 2869 266 2926 terram
279 2859 462 2942 occupavit.
497 2854 633 2918 Terram
647 2856 770 2943 quippe
782 2857 1010 2922 ficulnea-sine
1025 2855 1140 2921 fructu

142 2968 293 3048 occupat,
315 2954 446 3044 quando
469 2976 562 3019 mens
586 2957 751 3023 tenacium
773 2954 846 3037 hoc,
871 2954 959 3044 quod
981 2953 1141 3038 prodesse

141 3056 256 3124 multis
282 3065 428 3143 poterut,
459 3053 622 3120 inutiliter
651 3065 774 3122 servat.
824 3056 965 3122 Terram
994 3053 1138 3119 ficulnea

141 3159 213 3224 sine
235 3155 344 3220 fructu
366 3165 524 3239 occupet,
554 3153 687 3240 qnando
709 3153 836 3237 locum,
860 3177 958 3243 quem
980 3173 1140 3218 exercere

141 3256 229 3322 alius
249 3273 310 3340 per
331 3249 432 3318 selem
455 3254 660 3342 bonioperis
683 3254 802 3336 valuit,
826 3255 949 3321 stultus
965 3276 1027 3340 per
1048 3249 1137 3318 desi·

140 3356 215 3420 dise
237 3349 387 3416 umbram
409 3353 538 3442 premit.

134 3498 427 3509 mu*-

163 3571 186 3641 ¹)
205 3573 295 3629 Metth.
312 3573 339 3645 6,
358 3575 382 3634 1.
402 3605 434 3618 -
453 3575 473 3643 ³)
491 3575 535 3636 Ρι,
553 3573 611 3643 111,
627 3573 652 3628 9.
676 3601 709 3613 ·—
729 3572 749 3641 Ι)
767 3573 846 3630 Pror.
865 3573 908 3643 tr,
927 3571 970 3629 26.
1012 3579 1015 3587 '
