2554 4172
532 163 575 176 -ι
616 124 678 192 143
721 161 759 174 -

33 305 36 314 ’
128 297 317 376 Ιβειίηαηι,
341 303 459 360 sortem
472 293 537 358 sibi
560 289 788 358 innovissimo
810 263 1051 363 benedictionis
1072 314 1143 369 m—

137 402 283 482 puisun
305 393 386 480 quin
408 391 486 460 dum
506 414 568 479 per
588 391 754 456 avaritiae
775 391 959 478 nequitiam
975 391 1036 460 ,hio
1057 389 1139 468 mul·

138 493 291 581 tipliosri
308 501 482 580 appetunt,
506 489 576 556 illio
597 487 641 556 ab
664 499 801 556 aeterno
818 491 1013 572 patrimonio
1037 488 1138 556 exhe-

141 593 241 663 redes
264 591 355 662 fiunt.
400 589 483 658 Cum
506 588 560 656 vel
581 587 729 677 plurima
743 590 896 657 ambiunt
913 588 968 656 vei
989 588 1145 672 obtinens

132 701 277 772 ‚unnotn
301 711 393 777 quse
401 688 592 770 ambierint,
611 697 764 775 possunt,
782 687 922 756 audiant
934 688 1022 775 quod
1038 690 1155 776 soripq

139 800 289 858 tument:
311 787 422 870 Quid
444 783 617 876 prodest
633 789 808 870 homini,
832 790 866 854 si
889 797 1016 853 totum
1034 811 1142 856 mun·

135 889 232 958 dum
252 889 466 968 lucretur,
490 887 653 953 animae
676 909 776 953 voro
800 908 896 952 suae
919 886 1140 956 detrimen-

141 1002 225 1058 tum
247 988 418 1054 faeiat?
435 987 459 1070 ¹)
503 986 553 1054 Ao
575 989 604 1054 si
626 996 740 1073 aperte
761 987 896 1052 Veritus
918 984 1025 1051 dieat:
1047 983 1143 1066 -Quit

140 1088 279 1176 prodest
298 1085 484 1168 homini,
459 1109 487 1154 ει
510 1097 623 1164 totum,
651 1084 895 1171 quodextruso
918 1095 979 1168 est,
1001 1107 1138 1170 congus·

132 1198 221 1273 gat,
253 1189 281 1252 ei
301 1184 394 1254 hoe
385 1209 494 1272 ipsum
518 1185 645 1266 solum,
678 1183 795 1270 qnod
786 1207 858 1270 spse
881 1195 947 1268 est,
978 1182 1145 1262 damnat?

140 1285 344 1374 Plerumque
373 1295 484 1351 nutem
513 1284 610 1354 eitius
638 1292 812 1370 raptorum
835 1284 979 1352 avaritia
1001 1283 1137 1380 corrigi·
1218 1285 1221 1294 “

135 1396 210 1467 tur,
228 1386 263 1450 si
284 1388 319 1450 in
341 1383 453 1450 vssbis
467 1381 686 1464 admonentis,
712 1405 811 1470 quoin
828 1383 1138 1470 sugitivssitprsef

139 1506 218 1552 sens
241 1487 321 1568 vita,
344 1493 561 1563 monstretun3
584 1485 613 1547 si
635 1481 803 1547 eorumad
825 1483 968 1548 medium
980 1482 1138 1574 memoria

138 1582 346 1667 deducatur,
380 1583 440 1668 qui
462 1593 494 1647 et
516 1579 617 1648 ditari
648 1583 683 1645 in
717 1581 924 1648 hosmundo
946 1581 1004 1649 diu
1026 1580 1139 1650 conati

134 1691 234 1763 sunt,
266 1693 299 1748 ot
325 1681 491 1747 tamenin
520 1680 651 1767 adeptis
682 1679 807 1744 divitiis
841 1679 898 1746 diu
921 1701 1057 1755 manere
1080 1700 1141 1747 nep

138 1783 337 1868 quiverunt:
359 1777 483 1864 quibus
503 1779 627 1846 festina
649 1803 737 1844 mors
752 1791 890 1866 repente
912 1791 944 1844 et
963 1779 1058 1846 simul
1077 1779 1141 1846 sb»

137 1877 251 1959 stulit,
286 1877 449 1964 quidquid
482 1899 593 1942 eorum
614 1879 765 1963 nequitis
799 1901 861 1944 neo
882 1879 979 1946 simul
1001 1903 1063 1944 neo
1085 1901 1136 1948 re·

136 1985 241 2062 pente
267 1978 497 2058 congregavit3
532 1976 591 2062 qui
621 1999 687 2040 non
715 1977 820 2042 solum
850 1976 904 2041 hie
930 1989 1028 2065 rapta
1059 1977 1137 2056 reli,-

141 2082 299 2160 querunt,
325 2071 383 2138 sed
406 2093 518 2138 seeum
540 2074 583 2140 ad
597 2074 761 2161 judicium
773 2096 893 2142 causas
916 2079 1056 2162 rapinae
1079 2079 1133 2142 de·

140 2173 296 2240 tulerunt.
338 2172 466 2238 Horum
488 2173 605 2259 itaque
627 2171 783 2260 exempla
806 2174 966 2257 audiant,
998 2199 1081 2262 quos
1104 2177 1143 2252 in

139 2271 249 2340 verbis
271 2273 341 2338 suis
364 2270 599 2360 proculdubio
621 2282 654 2338 et
671 2274 737 2359 ipsi
749 2272 984 2356 condemnant3
1005 2286 1042 2343 nt
1064 2297 1141 2348 eum

140 2383 214 2457 post
234 2371 342 2438 verba
364 2370 408 2436 ad
430 2394 486 2438 oon
508 2371 658 2455 redeunt,
680 2373 805 2438 imitari
825 2371 955 2455 saltem,
983 2397 1064 2460 qnos
1082 2375 1142 2462 ju·-
1198 2437 1201 2445 .

139 2470 263 2554 dicant,
287 2471 497 2536 erubescant.

449 2651 684 2718 CAPUT
726 2653 821 2719 XXI.

138 2789 312 2856 Quomodo
330 2790 549 2856 somnisonni,
570 2791 630 2856 qui
648 2791 765 2842 alisna
784 2808 851 2844 non
870 2799 1054 2858 oppetunt,
1075 2793 1139 2846 sest

141 2889 199 2926 sun
225 2877 401 2942 retinent,
422 2875 534 2941 etqui
558 2889 619 2926 sun
643 2875 855 2928 tribuentes
879 2877 998 2928 aliens
1026 2886 1139 2932 touton

553 2961 721 3028 rapiunt

139 3122 145 3134 ⁴
201 3071 310 3138 Aliter
334 3075 636 3158 admonendisunt,
661 3077 720 3162 qui
739 3098 801 3144 nee
823 3075 937 3146 aliens
959 3089 1138 3164 appetunt,

138 3192 202 3236 neo
223 3193 285 3236 sua
313 3172 518 3259 largiuntur:
546 3185 648 3260 utque
671 3174 788 3256 aliter,
825 3179 881 3262 qui
905 3187 938 3246 et
960 3190 1015 3257 en,-
1048 3195 1138 3264 quae

141 3267 275 3354 hubent,
302 3271 474 3358 tribuunt;
503 3285 536 3340 et
556 3283 669 3340 tamen
690 3271 800 3366 olisna
819 3297 936 3364 rapere
959 3299 1027 3344 non
1048 3275 1135 3346 dusi-

142 3378 240 3436 stunt.
286 3370 496 3438 Admonendi
516 3383 611 3456 sunt,
640 3375 697 3460 qui
732 3397 793 3441 noo
812 3373 927 3468 aliena
957 3387 1134 3463 appetunt,

164 3581 419 3653 ¹)Mnffl.ssi2&
493 3605 496 3614 ¹
