2520 4152
513 199 553 241 ·-
594 177 736 256 litu

117 368 223 426 ratae
244 353 441 422 admixtioni
463 355 645 422 servientes
671 352 924 441 propagationis
945 351 1124 419 artieulnm

122 461 165 524 in
195 477 292 522 usum
320 455 527 522 transierunt
556 453 751 541 voluptatis,
783 451 1008 538 perpendant,
1029 451 1122 534 'quod

124 557 210 624 lieet
233 565 327 620 extra
349 577 415 620 non
430 563 561 634 exeant,
582 555 713 641 inipso
735 555 853 620 tamen
865 551 1020 637 conjugio
1035 571 1119 617 con·

117 655 217 746 jugii
233 657 312 742 jura
332 653 583 720 transcendunt.
626 651 724 718 Unde
746 672 882 716 necesse
905 659 970 729 est,
993 661 1030 716 ut
1052 671 1120 716 cre·

127 752 202 819 bris
215 751 461 820 exorationibus
480 749 505 837 ¹)
529 750 671 829 deleant,
695 751 781 838 quod
793 749 964 837 pulchram
978 746 1120 836 copulae

52 851 56 857 ’
120 853 272 938 speeiem
302 850 460 917 admixtis
496 849 726 933 voluptatibus
761 848 908 914 foedant.
950 847 1038 914 Hinc
1061 854 1123 913 est

126 953 225 1032 enim,
248 950 338 1037 quod
348 952 475 1039 peritus
489 949 675 1014 medicinae
691 947 842 1014 coelestis
860 947 1040 1035 Apostolus
1053 969 1119 1013 non

120 1059 194 1116 tam
208 1072 309 1117 sanos
324 1051 477 1130 instituit,
500 1071 598 1138 quam
612 1049 751 1113 infirmis
765 1046 1005 1114 medicamenta
1026 1066 1117 1111 morr-

125 1151 254 1230 stravit,
280 1147 412 1215 dicens:
447 1149 508 1214 De
539 1148 694 1234 quibus
723 1148 972 1234 scripsistis
1005 1144 1119 1210 mihi:

120 1247 277 1314 Bonum
300 1257 361 1314 est
386 1247 541 1313 homini
570 1247 793 1313 mulierem
824 1269 902 1314 non
924 1254 1115 1329 tangere:

124 1356 295 1432 propter
320 1347 802 1412 fornicationemautem
823 1345 1117 1433 unusquisque

44 1474 48 1482 ·
124 1467 238 1512 suam
258 1447 418 1512 habeat
439 1468 623 1526 uxorem,
645 1457 686 1513 et
707 1466 984 1532 unaquaeque
1008 1465 1118 1509 eurum

118 1547 262 1610 virum
286 1543 458 1610 habeat.
475 1547 500 1629 ²)
546 1545 614 1625 Qui
638 1545 725 1610 enim
740 1544 972 1610 fornicatiouis
995 1553 1118 1609 metum

116 1645 302 1731 praemisit,
323 1643 470 1732 profecto
492 1667 555 1710 non
581 1644 746 1710 stantibus
762 1655 976 1730 praeceptum
999 1651 1115 1708 eontu-

114 1741 177 1825 lit,
209 1741 268 1808 sed
291 1765 333 1809 ne
356 1743 500 1808 fortasse
530 1745 565 1806 in
587 1754 712 1807 terrum
731 1752 884 1822 ruerent,
917 1741 1039 1808 lectum
1061 1761 1117 1805 oa·
1166 1817 1168 1821 Ι

121 1840 281 1906 dentibus
302 1841 456 1910 ostendit.
499 1839 598 1907 Unde
627 1840 735 1906 adhuc
764 1841 1009 1906 infirmantibus
1042 1837 1121 1904 eub-

121 1935 223 2006 didit:
246 1941 383 2006 Uxori
404 1943 466 2010 vir
489 1939 677 2007 debitum
698 1939 870 2020 reddat,
902 1939 1120 2006 similiter

121 2049 167 2102 et
188 2061 291 2104 uxor
313 2043 408 2107 viro.
428 2041 456 2128 3)
482 2040 633 2120 Quibus
655 2040 732 2106 dum
754 2041 790 2105 in
807 2037 1116 2124 magnahonestate

121 2137 273 2223 conjugii
294 2137 420 2224 aliquid
449 2141 489 2205 de
511 2141 684 2228 voluptate
714 2139 912 2224 largiretur,
947 2136 1117 2224 adjunxit:

116 2235 205 2301 Hoc
232 2245 369 2301 autem
399 2238 491 2304 dico
528 2236 756 2305 secundum
784 2237 1115 2323 indulgentiam,

116 2355 198 2398 non
220 2335 440 2401 secundum
468 2328 727 2424 imperiumst)
771 2337 883 2424 Oulpa
896 2339 1019 2423 quippe
1041 2355 1115 2406 esne

118 2433 280 2513 innuitur,
304 2435 393 2520 quod
414 2436 585 2522 indulgeri
603 2436 814 2525 perhibetur3
838 2436 894 2502 sed
910 2457 997 2523 quae
1021 2443 1114 2500 tauto

117 2530 219 2594 citius
240 2531 420 2614 relaxetur,
444 2546 569 2622 quanto
589 2558 653 2600 non
678 2559 738 2622 per
759 2536 846 2602 hauc
858 2535 1012 2602 illicitum
1034 2531 1117 2621 quid

118 2629 247 2714 agitur,
265 2631 326 2696 'sed
349 2631 427 2712 hoc,
450 2634 539 2720 quod
561 2646 612 2700 est
632 2635 774 2718 licitum,
805 2635 866 2700 sub
888 2633 1112 2701 moderamine

116 2747 185 2793 non
209 2737 351 2795 tenetur.
395 2729 494 2811 Quod
521 2731 607 2798 bene
629 2733 714 2800 Loth
735 2734 771 2799 in
793 2735 970 2817 semetipso
999 2733 1111 2816 expri-

116 2826 189 2908 mit,
213 2829 273 2915 qui
296 2828 467 2895 ardentem
489 2829 663 2896 Sodomam
686 2830 824 2918 fugior)
847 2831 906 2897 sed
928 2844 1040 2896 tamen
1055 2829 1112 2895 Se·

341 2973 409 2986 *1-

188 3041 254 3095 vitae
271 3048 412 3113 societate,
429 3045 524 3101 officiis
542 3051 619 3116 atque
636 3061 685 3116 ope
702 3052 804 3113 mutua,
823 3061 900 3114 quam
919 3046 970 3100 sibi
987 3045 1113 3116 conjugtt

186 3126 298 3182 invicem
321 3137 453 3201 praestant
476 3135 505 3186 i'rt
527 3148 554 3186 re
579 3133 720 3186 domestica
743 3131 947 3185 administranda
977 3138 1057 3201 atque
1083 3136 1112 3187 in

186 3212 434 3272 vitecineomrnodie
447 3216 552 3272 facilius
563 3217 729 3287 perferendis.
759 3218 863 3272 Tertius
880 3218 1045 3285 matrimonii,
1064 3233 1113 3295 erp

184 3299 270 3365 potina
287 3303 494 3356 contrahentium
514 3303 574 3357 linis
596 3311 635 3358 aet
652 3304 781 3357 sedandae
806 3303 1031 3372 concupiscentiae
1048 3289 1112 3373 prol

183 3384 312 3454 positum,
330 3391 358 3439 ut
376 3389 411 3440 sit
428 3389 520 3441 eontra¹
541 3394 674 3457 peceatum
698 3389 847 3442 remedium.
882 3389 915 3441 Et
932 3389 964 3442 de
983 3389 1033 3442 hoc
1050 3403 1112 3443 mox

182 3465 253 3521 infra
262 3472 388 3526 concinne
396 3471 508 3526 Sanctus
516 3473 638 3528 Pontifex
655 3480 800 3528 tractat-
811 3477 830 3539 ¹)
848 3474 912 3528 Alit
922 3474 1112 3528 utershusen-

181 3553 374 3610 hortationibus
381 3564 541 3626 moneantur,
548 3558 693 3614 uttefleent
701 3563 768 3632 qnod
777 3567 825 3617 eto.
833 3589 868 3600 -
876 3559 902 3630 ²)
913 3566 934 3617 t.
944 3561 1001 3615 (tor.
1013 3562 1037 3628 l,
1051 3562 1077 3618 1.
1086 3563 1113 3615 ἲ,

134 3636 205 3704 ¹)1.
230 3639 290 3696 (lor.
318 3643 347 3708 t,
373 3640 399 3696 3.
428 3669 458 3682 ·-
487 3641 511 3711 ⁶)
530 3645 554 3698 1.
572 3645 632 3700 Gor.
650 3647 681 3714 Ἰ,
699 3647 726 3705 6.
752 3673 782 3686 -·
811 3645 1042 3716 ”)Θου.19,80.
