2556 4150
546 201 587 222 ω
629 163 670 240 m
713 201 754 226 η

147 337 308 418 mulnet,
329 325 521 404 immundus
538 339 713 420 cmoritur,
737 337 1045 430 quemcunque
1058 343 1146 422 subs

149 435 239 504 ditus
261 457 303 502 ex
325 459 365 503 eo
388 457 424 502 sc
445 437 612 524 inquinat,
636 437 726 523 quod
747 438 777 504 si
796 439 947 505 ordinate
967 437 1145 528 promeret,

150 535 275 622 prolem
295 545 405 602 rectae
421 536 633 622 cogitationis
643 535 744 602 edere
765 537 799 601 iu
814 536 1022 608 audientium
1041 539 1145 609 cortic

149 635 330 722 potuisset3
352 635 497 723 dumque
508 635 664 700 incautus
674 659 736 724 per
753 635 987 724 loquacitatem
1008 637 1143 726 diffluit,

147 755 216 799 uon
237 733 281 798 ad
300 756 397 800 usum
430 735 579 818 generis,
611 735 672 802 scd
700 736 744 801 ad
762 737 1003 807 immunditiam
1031 761 1145 808 semen

150 831 300 898 effundit.
345 833 443 902 Unde
464 835 592 901 Paulus
625 857 756 923 quoquc
785 856 859 902 oum
880 833 1080 923 discipulum
1101 840 1142 906 dc

146 933 308 999 instantia
329 933 587 1020 praedicationis
609 935 821 1019 admoneret,
844 935 982 1002 dicens:
1007 935 1142 1004 Testi-

143 1028 256 1098 iicor
286 1053 434 1098 coram
456 1033 547 1099 Deo
576 1041 620 1099 ct
642 1034 818 1100 Christo
839 1035 959 1118 Jesu,
987 1037 1140 1124 cuijus

145 1130 366 1198 dicaturus
387 1143 450 1201 est
471 1135 586 1201 vivos
609 1145 649 1200 et
670 1121 872 1217 mortuos,
892 1157 968 1222 per
990 1135 1140 1203 adven·

145 1237 233 1296 tum
255 1234 403 1317 ipsius
423 1242 467 1298 et
489 1255 669 1319 regnum
691 1235 802 1317 eius,
824 1235 1031 1321 praedica
1052 1258 1139 1302 ver·

144 1328 252 1412 bum,
275 1332 387 1396 insta
411 1343 660 1420 opportune,
682 1333 936 1419 importune,
952 1331 1140 1420 ¹)dtctuscs

144 1430 401 1514 importune,
424 1432 597 1518 praemisit
614 1444 871 1520 opportune,
905 1433 985 1518 quia
1012 1431 1141 1499 scilicet

145 1527 235 1613 apud
251 1528 413 1597 auditoris
425 1541 566 1596 mentem
581 1531 658 1617 ipsa
680 1552 742 1596 sua
755 1530 887 1596 vilitate
897 1529 923 1618 2)
939 1554 974 1597 se
986 1531 1140 1616 destruit,

146 1625 174 1690 si
195 1625 320 1692 habere
343 1629 576 1712 importunitas
598 1631 880 1717 opportunitatem
901 1627 1014 1695 nescit

507 1793 701 1861 CAPUT
742 1797 782 1860 V.

182 1911 220 1962 Ut
242 1912 293 1964 sit
317 1920 432 1966 rector
456 1914 620 1982 singulis
641 1915 896 1983 compassione
916 1912 1104 1982 proximus,

238 2000 1043 2070 praecuncnsconmmplauonssuspensus

208 2114 260 2180 Sit
288 2127 397 2183 rector
425 2117 568 2204 singulis
588 2119 819 2206 compassione
841 2116 1029 2204 proximus,
1058 2133 1139 2199 pras

146 2218 274 2283 cunctis
295 2220 573 2305 contemplatione
597 2241 794 2305 suspensus,
816 2225 902 2283 utet
922 2236 983 2302 per
1003 2213 1139 2300 pistoris

144 2315 275 2381 viscera
295 2319 333 2384 in
354 2342 390 2383 so
416 2319 641 2384 infirmitatem
665 2327 851 2382 ceterorum
872 2313 1073 2392 transferat,
1106 2321 1140 2379 ct

145 2433 206 2497 per
239 2416 479 2500 speculationis
511 2415 723 2482 altitudinem
759 2415 973 2501 semetipsum
1004 2432 1137 2502 quoquc

121 2501 124 2510 ’
146 2511 332 2580 invisibilia
354 2515 541 2602 appetendo
549 2513 778 2595 transcendat,
800 2536 843 2578 ne
859 2526 918 2580 aut
937 2513 1009 2580 alta
1020 2520 1138 2599 petens

143 2614 367 2698 proximorum
388 2614 519 2679 infirma
541 2613 715 2700 despiciat,
739 2621 799 2678 aut
819 2611 958 2678 infirmis
971 2613 1137 2699 proximo·

143 2731 218 2778 rum
240 2733 427 2796 congruens
449 2724 608 2801 appetere
628 2712 700 2778 alta
720 2712 943 2800 derelinquat.
978 2712 1066 2778 Hinc
1086 2718 1138 2776 est

144 2833 288 2899 namque
311 2811 400 2900 quod
416 2811 545 2878 Paulus
568 2814 602 2877 in
613 2811 807 2900 paradisum
819 2813 962 2894 ducitur,
985 2811 1136 2899 coelique
1221 2820 1228 2830 '

142 2913 233 2978 tertii
257 2923 386 2978 secreta
407 2915 568 2995 rimatur,
583 2911 608 2995 3)
642 2921 808 2978 ettamen
831 2912 894 2977 illa
922 2910 1137 2987 invisibilium

142 3013 421 3100 contemplatione
444 3033 625 3099 suspensus
638 3013 681 3078 ad
695 3010 806 3078 cubile
825 3009 1011 3076 carnalium
1032 3010 1136 3092 aciem

143 3111 262 3176 mentis
283 3122 435 3192 revocat,
466 3121 568 3198 atque
596 3113 632 3177 in
653 3109 793 3178 occultis
816 3113 887 3176 suis
911 3109 1058 3197 qualiter
1079 3109 1135 3175 ds·

141 3210 246 3276 beatu
265 3210 460 3277 conversari
483 3208 672 3298 dispensat,
695 3211 825 3276 dicens:
852 3211 1035 3298 Propter
1056 3209 1135 3276 lor·

140 3311 399 3377 nicationem
422 3322 555 3376 autem
576 3311 882 3396 unusquisque
905 3331 1017 3374 suam
1038 3331 1134 3375 uxo·

140 3431 224 3476 rem
252 3409 429 3496 habeat,
460 3419 501 3478 et
530 3431 817 3496 unaquaeque
851 3429 964 3480 suum
993 3410 1135 3496 virum

140 3543 423 3576 ........-.....
595 3503 602 3508 .

166 3624 186 3688 ¹)
204 3625 230 3679 2.
248 3625 313 3681 Tim.
331 3625 356 3695 l,
375 3626 399 3684 1.
418 3655 448 3664 —
468 3625 492 3696 ²)
511 3623 576 3681 Alit.
593 3622 715 3682 utilitato.
734 3653 766 3662 -
786 3620 805 3690 ἢ
823 3622 848 3678 2.
866 3621 924 3676 cor.
943 3621 984 3687 12,
1003 3618 1028 3674 3.
