2554 4172
507 240 545 258 .-
590 205 661 275 lbl.
694 240 733 256 ...

10 381 11 406 ³
117 376 321 466 quiescitur,
344 384 471 464 quante
493 371 593 462 calpa
615 395 688 440 oum
701 373 855 459 pessimis
876 395 944 458 pax
966 382 1121 455 tenetote

10 493 12 520 ³
117 478 152 543 ai
173 475 337 566 propbeta
357 485 471 542 tantus
494 471 557 541 hoo
578 472 671 539 velut
700 473 735 538 in
757 473 899 539 bostiam
920 472 995 538 Dao
1016 471 1119 538 abar-t

10 617 14 628 ·
120 575 172 658 lit,
194 575 282 664 quod
304 584 420 641 contra
448 597 483 638 se
509 593 572 660 pro
592 571 734 638 Domino
763 593 943 656 pravorum
972 571 1119 636 inimici*

121 676 189 740 tias
210 675 380 740 excitavit.
422 672 509 738 Hine
530 683 590 754 est,
615 671 702 759 quod
723 671 831 737 tribua
851 671 937 736 Levi
958 671 1120 745 assumtis,

121 773 244 861 gladiis
266 797 326 859 par
346 785 530 839 castrorum
539 773 647 837 media
659 773 839 852 transiens,
856 769 1118 856 squiaferiendis

122 873 229 940 noluit
253 871 485 960 peccatoribus
514 890 669 958 parcere,
701 870 774 938 Deo
805 891 924 936 manus
956 869 1043 935 dicta
1065 879 1120 936 ert·

10 1017 12 1030 ·
116 992 344 1040 consecrasse.
361 971 386 1056 ¹)
426 969 514 1036 Hinc
527 969 671 1034 Phineos
683 972 890 1056 peccantium
905 971 1025 1035 civium
1037 989 1121 1051 gra-1

10 1117 12 1130 .
118 1073 202 1137 tiam
224 1093 387 1156 spernens
408 1077 563 1136 coeuntes
593 1090 667 1133 cum
689 1067 885 1135 Madianitis
907 1066 1062 1156 perculit,
1080 1075 1121 1132 et

10 1211 11 1236 r
119 1173 204 1238 iram
227 1170 363 1235 Domini
384 1171 488 1236 iratus
500 1167 656 1257 placavit.
669 1166 695 1254 ²)
727 1169 814 1236 Hinc
835 1191 893 1257 per
904 1169 1115 1255 semetipsam

116 1271 258 1338 Veritas
278 1268 373 1335 dicit:
396 1267 536 1334 Nolite
558 1266 787 1352 arbitrari,
809 1269 910 1354 quia
931 1268 1121 1334 venerium

121 1390 266 1456 pacem
288 1370 455 1434 mittere
476 1369 515 1434 ‘in
538 1379 704 1433 terram.
748 1367 832 1433 Non
854 1369 952 1432 veni
970 1388 1122 1450 paca-m

120 1470 313 1549 mittere,
338 1468 409 1534 sed
430 1467 660 1554 gladium-³)
703 1467 867 1534 Malorum
879 1488 1024 1553 namque
1041 1485 1139 1556 cum

120 1569 254 1633 incaute
277 1570 432 1634 amicitiis
459 1571 652 1656 jungimur,
686 1568 795 1655 culpis
817 1568 970 1652 ligamur.
1015 1564 1124 1632 Unde:

116 1665 301 1753 loeaphat,
324 1670 380 1754 qui
403 1677 450 1733 tot
472 1666 514 1732 da
535 1678 691 1734 anteacta
713 1669 784 1733 vita
805 1668 994 1754 praeconiis
1016 1665 1122 1730 attalo

119 1764 223 1847 litor,
254 1765 295 1830 de
315 1767 433 1832 Achab
455 1769 546 1856 regis
575 1768 730 1832 amicitiis
760 1787 844 1853 pene
873 1765 1041 1852 pariturus
1064 1765 1123 1829 iu-⁴

120 1877 288 1948 crepatur.
343 1864 409 1930 cui
438 1888 459 1930 a
486 1867 628 1930 Domino
659 1887 719 1950 per
754 1865 949 1951 prophetam
978 1862 1116 1929 dicitur:

122 1961 257 2048 Impio
280 1963 459 2048 praebes
481 1965 710 2043 auxilium,
743 1973 787 2028 et
815 1963 894 2026 bis.
915 1963 992 2049 qui
1021 1961 1116 2028 ode-

121 2070 220 2126 runt
247 2061 487 2144 Dominum,
521 2063 714 2128 amicitia
737 2064 960 2148 jungeris,
990 2073 1030 2128 et
1059 2060 1114 2126 id·

121 2161 237 2225 circo
259 2161 371 2224 iram.
389 2162 553 2247 quidem
575 2160 748 2228 Domini
768 2159 1017 2242 merebaris,
1044 2159 1124 2224 sed*

122 2261 231 2332 bona
253 2281 383 2348 opera
404 2261 574 2326 inventa
598 2273 694 2327 sunt
715 2262 830 2343 in'te,
852 2281 896 2326 eo
920 2257 1027 2346 quod
1048 2257 1123 2323 ab·²

120 2359 302 2426 etuleris
323 2359 440 2426 lucos
463 2359 511 2424 de
535 2371 649 2426 terra
669 2360 829 2446 Judo.‘⁸)
871 2359 999 2424 Abillo
1016 2360 1126 2441 enim,

121 2463 182 2544 qui
203 2482 327 2525 summe
347 2471 459 2528 rectus
483 2469 553 2544 est,
587 2483 626 2527 eo
651 2461 723 2548 ipso
741 2462 813 2548 jam
835 2460 1021 2546 discrepat,
1050 2481 1126 2546 quoq

121 2561 354 2645 perversorum
372 2562 526 2626 amicitiis
548 2564 618 2626 vita
639 2572 753 2628 nostra
764 2559 950 2626 concordat.
993 2560 1127 2627 Adam<

120 2656 222 2724 nandi
244 2668 322 2724 sunt
345 2662 472 2745 pacati,
495 2683 537 2726 ns
559 2663 587 2726 si
609 2659 653 2724 ad
676 2663 892 2748 correptionis
914 2660 1018 2726 verba
1038 2681 1127 2747 pro-v

121 2758 250 2841 ailiam,
273 2760 487 2844 temporalem
499 2782 614 2846 paoem
633 2761 698 2824 eibi
710 2759 908 2846 perturbare
930 2758 1128 2828 formidant:

120 2859 334 2946 Rursumque
357 2859 554 2925 admonendi
576 2870 672 2942 sunt,
697 2869 735 2924 ut
759 2858 907 2924 eamdem
929 2880 1045 2944 pacem
1066 2857 1126 2922 din

121 2956 262 3022 lectione
282 2959 415 3042 integra
435 2959 634 3024 intrinsecus
662 2968 817 3040 teneant,
847 2980 947 3044 quam
976 2978 1037 3042 per
1066 2957 1127 3022 in..

122 3055 305 3120 rectionem
315 3059 406 3122 vocis
418 3056 482 3121 sibi
494 3059 703 3122 extrinsecus
716 3056 862 3122 turbant
885 3053 1116 3134 Quodamm-

124 3174 190 3240 que
211 3153 351 3239 provide
374 3178 409 3219 se
428 3155 544 3223 David
567 3177 718 3221 servasse
740 3154 904 3241 perhibet,
927 3177 1001 3220 cum
1023 3154 1117 3243 dicit:

124 3252 226 3318 (lum
254 3249 333 3334 bis,
363 3255 434 3340 qui
463 3255 650 3320 oderunt
674 3273 841 3340 pacem,
878 3275 986 3320 eram
1007 3253 1126 3348 paci:

122 3352 261 3418 ficus:
290 3373 376 3417 cum
407 3350 620 3441 loquebar
652 3353 769 3433 illia,
804 3352 1120 3442 impugnabant

151 3566 172 3633 ¹)
189 3565 273 3618 arou
290 3563 343 3628 aa,
366 3565 410 3619 aa.
437 3591 470 3604 -
493 3563 514 3628 ’t
532 3567 605 3620 rm.
622 3566 673 3632 aa,
696 3566 722 3620 a.
749 3595 781 3605 -
810 3562 941 3634 unam.
959 3564 1006 3630 to,
1024 3563 1067 3621 ae.
1082 3523 1127 3634 μ’

193 3647 216 3720 ⁴)
232 3651 258 3704 a.
276 3651 336 3704 ru.
356 3651 397 3720 19,
415 3648 458 3707 at
