2554 4172
558 157 781 236 „135-

167 321 296 414 juncus
318 320 394 390 aliia
415 321 513 390 bonis
534 321 667 407 dignam
696 318 769 384 Dao
791 316 1035 388 abstinentiam·
1053 321 1169 390 carnis

173 417 360 492 ostendere.
402 417 612 488 Admonendi
640 425 720 482 suut
746 415 975 499 abstinentes,
1004 426 1044 483 'ut
1063 439 1168 484 nouo·

172 523 260 601 rint,
294 520 376 607 quia
405 528 486 586 tuno
514 512 701 602 placentem
729 513 802 580 Deo
830 513 1068 582 abstinentiam
1088 515 1168 582 offe·

170 627 269 704 runt,
303 639 378 686 cnm
399 641 454 698 ea,
488 637 573 702 quae
601 613 665 680 sibi
693 613 734 678 de
755 611 922 680 alimentis
945 612 1169 700 subtrahunt,

171 717 402 803 indigentibus
432 715 629 799 largiuntur.
680 712 827 780 Solerter
853 735 997 798 namque
1026 712 1167 779 audien·

171 815 251 884 dum
273 827 342 899 est,
375 811 462 900 qnod
482 834 542 897 per
563 807 760 898 prophetam
786 812 950 881 Dominus
978 811 1169 898 redarguit,

170 915 307 984 dicens:
337 914 431 980 Cum
454 910 726 996 jejunaretis
758 921 797 976 et
826 911 1103 998 plangeretis
1123 912 1185 978 in*

168 1017 314 1106 quinto
336 1023 375 1076 et
397 1011 437 1074 in
460 1010 635 1095 septimo
657 1031 794 1074 mense
816 1031 889 1096 par
910 1009 983 1076 hos
1001 1020 1166 1098 septua-

168 1116 288 1202 ginta
310 1131 461 1186 annos‚
482 1108 910 1196 numquidjcjunium
927 1111 1166 1198 jejunastis

170 1211 299 1280 mihi?
330 1208 490 1272 Etcum
513 1206 765 1274 comedistis
788 1207 1033 1290 etbibistis,
1055 1231 1166 1274 num·

171 1309 271 1400 quid
298 1329 373 1370 non
405 1303 734 1392 vobismetipsis
767 1308 1015 1372 comedistis
1036 1317 1077 1371 ot
1099 1329 1163 1372 vo·

171 1404 446 1490 bismetipsis
475 1401 727 1493 bibistis?¹)
772 1403 844 1470 Non
872 1408 960 1472 enim
981 1403 1072 1487 Deo,
1105 1404 1166 1472 sed

170 1507 235 1573 sibi
257 1505 399 1591 quisque
416 1503 570 1590 jejunat,
594 1502 624 1567 si
646 1524 703 1582 ea,
727 1525 814 1590 quae
838 1506 947 1568 ventri
969 1504 1012 1568 ad
1033 1515 1164 1590 tempus

170 1603 352 1684 subtrabit,
375 1625 441 1687 pon
465 1601 578 1688 egenis
599 1601 730 1684 tribuit,
753 1601 813 1667 sod
834 1604 945 1668 ventri
959 1604 1164 1691 postmodum

169 1702 337 1772 offerenda
359 1701 508 1768 custodit.

228 1803 348 1886 Itaque
367 1822 409 1864 ne
423 1812 482 1866 ant
497 1799 574 1885 illos
590 1802 758 1888 appetitus
780 1804 882 1890 gulae
904 1827 925 1868 a
941 1805 1062 1868 mentis
1075 1811 1165 1868 statu
1218 1853 1225 1864 .

168 1903 313 1990 dejiciat,
338 1910 397 1965 aut
420 1899 501 1966 istos
528 1899 653 1966 afflicta
674 1923 752 1967 caro
774 1925 815 1968 ex
837 1902 982 1968 elatione
1005 1901 1166 1988 supplan·

166 2013 231 2080 tet,
256 2000 397 2064 audiant
419 2000 473 2064 illi
495 2023 537 2066 ex
561 2023 618 2066 oro
641 2003 818 2068 Veritatis:
851 2001 1070 2068 Attendite
1099 2023 1166 2064 au·

166 2111 241 2167 tem
270 2098 420 2181 vobis,
455 2123 503 2165 ne
532 2099 646 2166 forte
673 2112 912 2186 graventur
943 2100 1077 2166 corda
1101 2122 1166 2162 ve·
1207 2087 1212 2098 ¹

167 2210 254 2266 stra
277 2203 320 2266 in
341 2199 518 2286 crapula
548 2212 587 2266 et
609 2199 843 2279 ebrietate,
876 2207 917 2260 et
947 2196 1062 2260 curis
1094 2193 1164 2257 hn-

159 2301 235 2386 jn's
263 2300 411 2370 mundi.
436 2300 462 2386 ²)
506 2299 574 2365 Ubi
603 2299 697 2364 utilis
725 2316 857 2383 quoque
882 2315 987 2378 pavor
1008 2290 1163 2375 adjungi·

165 2409 239 2464 tur:
272 2399 323 2463 Et
352 2399 636 2484 superveniat
663 2401 705 2461 in
727 2416 802 2459 vos
823 2391 1053 2479 repentina
1076 2387 1164 2452 dios

164 2497 254 2563 illa.
289 2499 519 2583 Tamquam
541 2497 726 2581 laqueus
748 2493 856 2558 enim
879 2489 1167 2575 superveniet

162 2598 211 2663 in
234 2619 389 2676 omnes,
427 2597 498 2682 qni
522 2594 668 2658 sedent
699 2613 822 2678 super
854 2591 1007 2656 faciem
1034 2588 1164 2654 omnis

167 2709 335 2762 terrae.
361 2696 389 2782 ³)
430 2694 580 2759 Audiant
601 2693 670 2756 isti:
701 2691 791 2759 Non
819 2691 925 2779 quod
951 2689 1089 2754 intrat
1120 2688 1164 2754 iu

168 2820 232 2876 os,
264 2795 522 2880 coinquinat
542 2790 767 2876 hominem,
797 2791 869 2856 sed
891 2789 1002 2877 quod
1026 2811 1162 2878 proce·

169 2898 230 2960 dit
253 2917 302 2958 cx
323 2916 412 2972 ore,
436 2891 691 2977 coinquinat
712 2893 927 2958 homiuem.
948 2887 976 2976 l)
1014 2889 1165 2956 Audiant

168 2993 236 3060 illi:
260 2995 368 3064 Esca
390 2993 553 3076 ventri,
577 3001 618 3056 et
639 3002 796 3058 venter
818 2992 944 3055 ercis:
964 2989 1075 3054 Deus
1097 3011 1163 3054 au·

168 3105 244 3160 tem
275 3103 315 3156 ct
346 3092 456 3156 huno
487 3100 527 3156 et
554 3091 627 3156 has
658 3093 859 3178 destruet.
883 3087 909 3175 ⁵)
953 3089 997 3154 Et
1017 3109 1164 3155 rursum:

170 3192 321 3260 Non-iu
345 3191 732 3256 comessationibus
753 3203 796 3256 et
818 3185 1163 3272 ebrietatibus.⁰)

167 3293 216 3358 Ilt
235 3310 382 3356 rursum:
407 3289 513 3356 Esca
534 3314 606 3356 nos
629 3313 709 3356 non
738 3287 996 3356 commendat
1024 3287 1119 3352 Deo.
1137 3286 1164 3369 ²)

1138 3428 1164 3496 ⁴)

168 3402 221 3411 cuv-m
242 3399 464 3408 ...α’-...Ἠ-

155 3463 157 3467 -
206 3401 320 3497 'lZacn
338 3433 369 3499 7,
388 3433 412 3488 5.
429 3433 454 3488 6.
475 3463 507 3472 -
537 3433 557 3496 ²)
575 3433 639 3485 Luc.
656 3433 698 3499 21,
717 3433 759 3488 34.
781 3461 809 3470 -
840 3429 859 3491 ³)
877 3431 940 3482 Luc.
959 3430 1001 3496 21,
1020 3428 1061 3484 35.
1079 3457 1112 3468 ··-

238 3521 390 3586 narinus,
410 3521 450 3576 11.
470 3551 501 3560 -
522 3520 543 3584 ⁵)
562 3519 587 3572 1.
606 3517 707 3584 Conb,
726 3517 766 3572 13.
787 3546 816 3558 -
837 3513 947 3582 ⁶)Rom.
967 3514 1066 3581 13,13.
1086 3544 1117 3553 -
1141 3514 1164 3583 ⁷)

240 3608 264 3661 1.
282 3608 339 3661 Gor.
358 3606 383 3675 8,
402 3607 426 3663 8.
