2556 4150
529 127 732 248 ..ffi-

128 347 292 413 Debitum
316 346 438 434 quippe
460 347 598 413 rectoris
621 355 672 411 est
704 348 1023 436 supernaepatriae
1056 347 1132 434 glo·

126 448 212 512 riam
233 469 293 535 per
315 467 426 512 vocem
448 445 712 532 praedicationis
734 446 926 528 ostendere,
949 457 1076 533 quanta
1090 450 1126 514 in

126 548 230 634 hujus
249 546 338 611 vitae
361 545 480 610 itinere
502 554 708 612 tentamenta
726 547 857 632 antiqui
874 547 976 612 hostis
986 545 1126 630 lateant,

125 646 273 732 aperire,
298 651 330 708 et
353 641 559 711 subditorum
587 642 692 726 mala,
726 666 814 732 quae
843 643 982 711 tolerari
1003 644 1126 711 leniter

125 768 199 812 non·
219 742 360 824 debent,
392 765 465 808 cum
491 763 614 828 magna
640 743 707 809 zeli
735 745 916 831 asperitate
945 737 1130 828 corrigere,¹

124 866 168 910 ne
202 844 231 908 si
259 843 371 909 'minus
406 851 520 908 contra
553 840 670 930 culpas
706 842 910 924 accenditur,
950 843 1126 930 culparum

125 943 271 1007 omnium
293 962 371 1006 reus
394 942 467 1024 ipse
486 951 650 1007 teneatur.
687 940 785 1006 Unde
803 940 889 1007 bene
905 943 948 1007 ad
962 929 1126 1006 Ezechie-

123 1040 190 1107 lem
219 1041 355 1106 dicitur:
402 1037 519 1104 Sume
556 1041 636 1104 tibi
668 1040 870 1122 laterem,
913 1049 954 1104 et
988 1063 1125 1127 pones

123 1163 215 1204 cum
246 1161 384 1207 coram
414 1148 471 1222 te,
503 1149 541 1204 et
573 1137 797 1206 describes
824 1141 867 1204 in
896 1162 942 1205 eo
971 1140 1125 1204 civita·
1195 1145 1200 1156 '

123 1251 203 1304 tem
224 1237 480 1304 Jerusalem.
527 1236 711 1324 Statimque
731 1237 961 1324 subjungitur:
992 1239 1044 1304 Et
1065 1261 1124 1304 or-

124 1336 298 1412 dinabis
322 1336 532 1403 adversus
555 1359 637 1402 eam
659 1335 930 1420 obsidionem,
956 1337 1124 1402 etaedi-

123 1436 285 1502 ficabis
315 1437 590 1518 munitiones,
630 1445 668 1501 et
690 1437 976 1522 comportabis
999 1457 1128 1522 agge-

122 1559 223 1620 rem,
244 1546 283 1601 et
305 1533 432 1600 dabis
454 1544 601 1600 eontra
624 1557 708 1600 eam
732 1544 898 1618 castra,
929 1546 969 1601 et
989 1558 1124 1624 pones

122 1636 288 1702 arietes
310 1637 353 1698 in
375 1656 484 1722 gyro.
509 1634 534 1721 ¹)
579 1635 689 1722 Eique
714 1633 758 1698 ad
780 1635 996 1702 munitionem
1028 1622 1123 1702 suam

122 1735 275 1820 protinus
299 1732 520 1799 subinfertur:
553 1733 603 1798 Et
624 1744 669 1798 tu
692 1755 803 1798 sume
825 1732 910 1798 tibi
933 1735 1122 1820 sartagi-

122 1855 208 1900 nem
229 1833 423 1914 ferream,
445 1841 485 1896 et
505 1854 633 1920 pones
657 1854 741 1896 eam
761 1855 915 1898 murum
935 1833 1131 1918 ferreum·

123 1931 234 1998 inter
255 1941 293 1998 te
319 1941 358 1996 et
380 1933 490 1996 inter
512 1931 736 1996 civitatem.
755 1932 781 2014 ²)
805 1929 912 2018 Oujus
929 1933 1017 1998 enim
1034 1932 1121 1998 Eze-

121 2029 208 2096 chiel
225 2029 387 2120 propheta
409 2030 475 2095 nisi
493 2030 728 2114 magistrorum
750 2031 894 2116 speciem
916 2032 1030 2096 tenet?
1058 2030 1122 2097 Oui

121 2128 256 2197 dicitur:
294 2129 413 2197 Sume
445 2127 527 2194 tibi
560 2127 762 2211 laterem,
797 2140 836 2194 et
866 2150 1000 2214 pones
1029 2124 1140 2193 eum'

123 2249 264 2296 coram
295 2241 353 2312 te,
377 2237 418 2294 et
440 2227 664 2294 describes
687 2229 729 2294 in
751 2249 796 2294 eo
819 2226 1038 2292 civitatem
1058 2227 1121 2292 Je-

123 2328 311 2394 rusalem.
336 2329 362 2415 ³)

176 2425 291 2492 Sancti
303 2428 425 2515 quippe
437 2428 586 2495 doctores
598 2427 811 2494 sibilatorem
822 2419 969 2509 sumunt,
985 2425 1128 2522 quando

123 2535 290 2590 terrenum
306 2526 492 2592 auditorum
515 2549 586 2610 cor,
610 2536 647 2593 ut
669 2526 826 2608 doceant,
850 2524 1131 2614 apprehendunt„

124 2622 233 2704 Quem
254 2623 380 2692 scilicet
406 2626 540 2694 laterem
562 2648 674 2692 coram
704 2651 738 2693 se
765 2634 913 2712 ponunt,
947 2627 1027 2714 quia
1049 2633 1120 2692 tota

125 2785 413 2796 -nm—-n-i—-u--o-—ae

157 2869 181 2935 ¹)
198 2872 291 2926 Ezeeb.
309 2872 339 2938 4,
363 2872 388 2928 1.
411 2873 437 2928 2.
462 2901 494 2911 -
523 2872 543 2936 ²)
561 2875 654 2926 Ezecb.
672 2875 696 2940 4,
717 2874 742 2928 3.
773 2903 805 2912 -
826 2871 851 2940 ³)
868 2872 998 2940 Propheta
1010 2871 1118 2940 niciu-

191 2954 263 3009 betur
281 2957 351 3024 stylo
368 2955 451 3012 ferreo
471 2959 666 3026 descriptionem
690 2960 717 3010 iu
740 2959 821 3014 tatere
839 2957 918 3012 crudo
943 2953 1029 3008 saeue
1047 2955 1117 3008 civi-

190 3040 251 3092 tatis
275 3041 420 3121 Jerusalem
447 3047 472 3095 et
495 3043 566 3098 cirea
588 3057 644 3096 eam
669 3044 799 3096 delineare
822 3049 908 3098 castra
931 3047 957 3096 et
982 3040 1120 3094 machinas

190 3123 379 3178 Chaldaeorum
397 3128 486 3182 urbem
504 3127 690 3182 obsidentium:
718 3135 743 3182 et
765 3144 844 3199 super
869 3145 900 3183 eo
917 3129 998 3188 latere
1014 3127 1118 3196 iniqui·

191 3214 257 3264 tates
275 3225 382 3278 ponere,
408 3227 456 3266 seu
482 3215 570 3282 potius
593 3228 701 3282 poenam
725 3216 835 3269 debitam
861 3213 991 3268 Israelitis
1016 3207 1126 3264 mixtim'

190 3301 253 3349 tunc
269 3296 442 3362 ierosolymis
467 3305 570 3368 totaque
593 3300 694 3352 Judaea
716 3299 895 3354 habitantibus
926 3307 951 3354 et
968 3288 1130 3368 propedism'

189 3395 236 3451 per
253 3379 400 3436 Chaldaeos
417 3371 579 3438 obsidendis:
598 3399 663 3453 quas
680 3401 778 3454 poenas
796 3387 926 3440 sustinere
935 3384 1043 3456 jubetur
1052 3385 1120 3452 pro-³
1125 3381 1130 3413 ²

188 3469 267 3537 pheta
287 3473 314 3522 et
335 3476 536 3538 repraesentare.
571 3469 597 3525 S.
624 3471 767 3539 Gregorius
791 3485 837 3524 ess
864 3483 953 3526 omnes
969 3471 1014 3522 bie
1030 3455 1132 3523 neta-³
1163 3457 1167 3469 ’

187 3556 291 3622 phories
314 3555 422 3625 exponit
444 3556 475 3608 de
501 3553 586 3610 officio
612 3559 779 3626 corripiendi,
807 3558 876 3626 quod
900 3557 1046 3610 ammaum
1063 3571 1127 3625 lea-i

190 3640 255 3693 stori
272 3640 405 3704 incumbit.
