2520 4152
494 221 719 302 ..res-

98 384 230 477 quoda
242 407 303 452 sno
320 383 447 474 judicio
465 385 671 456 abscondere
681 387 796 472 voluit,
820 391 1103 476 quosmisemdo

100 487 331 576 praeveniens
360 485 577 575 sibimetipsis
600 487 734 574 judices
761 487 851 554 fecit.
899 481 986 557 Hinc
1013 489 1102 569 euim

104 585 355 672 scriptumest:
391 583 731 653 Praeveniamus
751 586 905 653 faciem
927 589 1101 656 Domini

106 686 154 751 in
175 683 456 752 confessione.
477 681 502 770 ¹)
544 684 631 749 Hinc
652 706 712 771 per
735 683 878 752 Paulum
900 687 1034 754 dicitur:
1056 687 1101 754 Si

105 785 385 871 nosmetipsos
407 782 755 870 dijudicaremus,
778 807 854 850 non
877 787 1019 873 utique
1036 789 1100 873 ju·

107 881 360 947 diceremur.
376 882 403 970 2)
444 884 657 970 Rursumque
670 881 869 949 admonendi
884 895 970 966 sunt,
993 896 1032 950 ut
1052 888 1100 952 sio

102 981 148 1047 de
170 1003 227 1069 spe
248 981 403 1047 fiduciam
422 981 588 1064 habeant,
615 991 791 1048 notamen
820 985 953 1050 incauta
976 987 1102 1051 securi..

105 1089 176 1148 tate
192 1090 391 1168 torpescant.
434 1078 633 1166 Plerumque
644 1083 732 1146 eninr
743 1081 846 1148 hostis
857 1082 997 1149 callidus
1008 1107 1100 1152 men·

104 1189 187 1260 tem,
218 1200 318 1264 quam
346 1189 483 1266 peccato
506 1179 720 1265 supplantat,
750 1203 822 1245 cum
849 1180 890 1246 de
917 1186 1015 1250 ruina
1038 1207 1101 1250 sua

103 1277 269 1344 afflictam
302 1280 457 1363 respicit,
492 1280 682 1346 securitatis
716 1279 895 1366 pestiferae
923 1279 1100 1348 blanditiis

107 1375 247 1443 seducit.
290 1377 389 1457 Quod
409 1377 551 1463 figurate
573 1379 780 1464 exprimitur,
804 1401 877 1446 oum
897 1381 1022 1447 factum
1037 1381 1098 1446 Di·

106 1499 173 1542 nae
201 1487 411 1542 memoratur.
461 1475 627 1560 Scriptum
659 1479 783 1567 quippe
818 1489 883 1544 est:
915 1480 1101 1565 Egressa

107 1585 171 1640 cst
192 1574 322 1658 Dina,
350 1590 397 1641 ut
419 1574 593 1641 videret
618 1577 819 1644 'mulieres
840 1579 1029 1660 regionis
1052 1577 1099 1643 il·

104 1673 202 1740 lius:
234 1697 351 1761 quarn
373 1697 460 1742 cum
482 1676 663 1742 vidisset
692 1676 859 1742 Sichem
881 1676 1008 1742 filius
1028 1677 1100 1742 He·

103 1795 189 1840 mor
215 1775 394 1856 Hevaei,
424 1776 624 1862 princeps
653 1784 796 1840 terrae
829 1775 977 1856 illius,
1009 1775 1102 1844 ada·

107 1875 249 1939 mavit
273 1895 376 1955 eam,
400 1881 439 1938 et
459 1875 624 1956 rapuit,
648 1885 686 1939 et
717 1875 924 1939 dormivit
945 1895 1031 1940 cum
1055 1875 1102 1941 il·

109 1970 170 2054 la,
194 1974 232 2037 vi
254 1974 488 2059 opprimens
511 1973 727 2057 virginem3
751 1983 789 2038 et
811 1973 1103 2057 conglutinata

110 2074 339 2138 estanima
369 2074 461 2158 ejus
491 2094 663 2154 cumea,
695 2074 951 2158 tristemque
982 2071 1103 2138 blan-

109 2170 235 2236 ditiis
263 2169 533 2255 delinivit.³)
576 2171 668 2238 Dina
699 2173 843 2258 quippe,
876 2180 915 2236 nt
945 2173 1103 2236 mulieres

108 2267 224 2335 videet
251 2280 433 2337 extraneae
462 2272 626 2356 regionis,
648 2271 837 2355 egreditur,
862 2270 996 2356 quando
1018 2291 1103 2335 una·

109 2390 266 2458 quaeque
287 2392 380 2434 mens
403 2368 587 2436 snastudia
606 2370 790 2455 negligens,
814 2371 961 2435 actiones
973 2369 1104 2445 alienas

110 2491 233 2535 curans
255 2477 351 2534 extra
366 2468 516 2536 habiturn
529 2479 631 2556 atque
654 2479 750 2535 extra
772 2469 919 2536 ordinem
933 2470 1104 2556 proprium

110 2578 263 2654 vagatur.
308 2567 417 2648 Quam
440 2569 571 2638 Sichem
602 2571 762 2658 princeps
779 2579 904 2634 terrae
933 2568 1104 2656 opprimitt

110 2670 190 2754 qnia
211 2667 370 2734 videlicet
390 2670 560 2734 inventam
581 2669 615 2735 in
637 2668 725 2735 curis
748 2669 972 2735 exterioribus
988 2665 1104 2732 diebu*

109 2765 163 2832 lus
191 2768 380 2854 corrumpit
422 2766 473 2832 Et
502 2767 823 2852 conglutinata
857 2775 922 2832 est
954 2767 1105 2830 anima

110 2869 204 2954 ejus
226 2886 312 2932 cum
341 2865 450 2953 ea,⁴)
473 2867 554 2952 qnia
575 2868 703 2934 unitam
725 2865 789 2930 sibi
810 2887 871 2952 per
892 2865 1105 2950 iniquitatem

56 3011 60 3018 -
108 2964 255 3051 respicit.
299 2965 344 3030 Et
366 2965 445 3050 quia
466 2985 540 3029 cum
561 2985 701 3044 mensa
723 2963 822 3049 culpa
843 2962 1023 3048 resipiscit,
1046 2958 1104 3025 ad·

109 3061 248 3146 dicitur,
270 3061 296 3146 5)
325 3074 427 3148 atque
449 3062 626 3128 admissum
647 3060 729 3125 flere
751 3071 911 3126 conaturz·
931 3068 1104 3146 corruptor

111 3169 222 3226 autem
245 3184 322 3250 spes
334 3183 373 3227 ac
384 3161 584 3246 securitates
599 3180 724 3225 vacuas
739 3166 816 3223 ante
828 3156 938 3223 oculos
953 3163 1105 3238 revocat,

97 3405 101 3412 ⁴
137 3407 328 3478 ¹)Ps.9t‚r.
357 3440 390 3450 -
413 3407 680 3475 ¹)1.cor.11,31.
710 3436 744 3446 -
777 3403 1106 3476 ⁸)usn.3t,1-³.-

181 3494 206 3566 ⁴)
224 3497 289 3555 Gon.
305 3496 347 3566 34,
365 3495 391 3552 3.
416 3525 449 3534 -
475 3493 498 3565 ⁸)
516 3493 581 3547 Alit.
602 3493 634 3548 ad
661 3493 818 3547 seducitur.
854 3491 1003 3545 Familiaris
1021 3496 1061 3546 cst
1077 3489 1105 3545 8.

180 3583 308 3654 Gregorio
327 3597 378 3637 vox
395 3582 446 3636 ists
464 3581 646 3649 addicere,
664 3585 694 3634 ut
709 3580 850 3649 synonima
871 3579 930 3634 roci
946 3577 1106 3631 condem·

181 3684 282 3737 nare,
310 3683 362 3739 qno
385 3683 465 3722 sensu
483 3682 534 3721 non
557 3681 616 3721 raro
640 3665 717 3720 stiam
734 3664 862 3735 reperitur
879 3663 949 3734 apud
967 3663 1108 3732 scriptores
