2556 4150
517 207 723 274 ...1¹34a

114 379 251 458 discite,
283 377 364 464 quid
385 377 572 466 quaeratis,
601 395 644 442 no
665 375 743 441 dum
765 371 985 464 vosmetipsos
1007 380 1119 442 metiri

117 479 310 564 negligitis,
333 485 426 543 tanto
448 474 576 542 foedior
596 483 711 541 vestra
732 476 1041 562 reprehensibilitas
1058 500 1117 565 ap·

118 588 256 666 pareat,
282 585 408 663 quanto
431 585 464 640 et
486 597 506 640 a
528 575 657 640 cunctis
674 576 821 662 conspici
843 574 1026 642 inhonoris
1040 597 1117 641 arce

117 678 268 744 festinat.
317 674 462 760 Magnus
494 676 581 738 enim
613 674 754 760 regendi
788 675 910 740 artifex
944 674 1118 740 favoribus

119 774 276 864 impellit,
309 773 494 840 terroribus
515 772 676 852 retrahit,
710 783 748 838 ut
777 775 947 840 auditores
975 795 1052 839 suos
1087 785 1119 839 et

118 875 289 961 descripto
319 872 684 959 irreprehensibilitatis
716 873 858 939 culmine
887 875 1119 958 restringata

120 973 292 1060 superbia,
317 981 350 1036 et
361 972 505 1037 officium
517 969 701 1054 laudando,
725 971 1009 1060 quodquaeritur,
1033 982 1118 1039 corh-

119 1083 223 1164 ponat
250 1072 427 1138 advitam.
472 1071 633 1151 Qiramvis
655 1073 853 1156 notandum,
885 1072 972 1160 quod
1001 1071 1059 1138 illo
1081 1075 1117 1138 hl

119 1183 270 1260 tempore
301 1171 363 1238 hoc
393 1169 531 1250 dicitur,
564 1193 629 1257 quo
660 1172 811 1260 quisquis
833 1172 988 1257 plebibus
1019 1195 1116 1260 prae·

122 1282 215 1353 crat,
238 1275 365 1360 primus
390 1271 433 1335 ad
454 1272 607 1358 martyrii
627 1278 790 1338 tormenta
803 1272 993 1338 ducebatur.
1024 1271 1119 1339 Tunc

123 1393 202 1456 ergo
223 1369 393 1436 laudabile
414 1369 480 1434 fuit
508 1373 736 1456 episcopatum
762 1393 926 1457 quaerere
939 1421 948 1456 ,
983 1371 1117 1458 quando

64 1493 65 1496 ’
123 1491 183 1558 per
203 1471 293 1536 hunc
320 1491 486 1558 quemque
516 1471 653 1535 dubium
681 1494 747 1536 non
776 1483 850 1538 erat
879 1472 923 1538 ad
951 1471 1118 1561 supplicia

120 1575 278 1660 graviora
300 1571 486 1658 pervenire.
531 1571 629 1636 Unde
652 1573 916 1659 ipsum'quoque
944 1575 1117 1660 episcopa-¹

119 1685 173 1738 tus
196 1671 341 1738 officium·
362 1670 442 1735 boni
464 1673 574 1757 operis
601 1673 813 1758 expressione
838 1671 1008 1754 definitur,
1042 1695 1117 1736 curn

122 1773 255 1838 dicitur:
290 1771 333 1838 Si
356 1770 450 1858 quis
473 1772 766 1858 episcopatum
791 1771 1023 1853 desiderat,
1053 1771 1115 1836 bo·

123 1893 211 1935 num
244 1893 343 1958 opus
377 1869 609 1936 desiderat.
640 1868 664 1957 ¹)
713 1871 791 1957 Ipse
815 1893 893 1955 crgo
926 1871 991 1936 sibi
1021 1873 1116 1937 testis

16 1977 18 1982 ’
125 1976 194 2048 eet,
226 1968 304 2051 quia
332 1973 559 2060 episcopatum
588 1992 654 2034 non
688 1971 833 2056 appetit,
872 1970 929 2056 qui
958 1993 1023 2035 non
1056 1993 1116 2056 per

37 2126 39 2130 .
124 2063 212 2130 hunc
235 2065 312 2130 boni
332 2072 440 2154 operis
461 2068 694 2147 ministerium,
730 2069 787 2132 sed
818 2067 950 2133 honoris
972 2068 1114 2152 gloriam

124 2165 263 2251 quaerit.
298 2165 443 2232 ,Sacrum
479 2172 605 2256 quippe
639 2167 780 2232 officium
814 2189 880 2234 non
911 2156 1016 2232 solurn
1048 2189 1114 2232 non

10 2347 11 2350 Ἴ
122 2265 232 2350 diligit
255 2268 386 2332 omnino
398 2317 407 2349 ,
433 2267 491 2332 sed
511 2270 628 2348 nescit,
654 2269 711 2354 qui
733 2266 775 2330 ad
797 2268 928 2332 culmen
943 2267 1114 2352 regiminis

121 2364 284 2430 anhelans
309 2367 345 2432 in
367 2365 496 2432 occulta
517 2367 730 2432 meditatione
759 2367 970 2452 cogitationis
993 2374 1116 2432 eetero-

120 2485 193 2529 rum
216 2465 424 2551 subjectione
446 2469 605 2553 pasoitur,
625 2467 724 2531 laude
742 2470 876 2554 propria
894 2465 1049 2548 laetatur,
1073 2467 1116 2530 ad

119 2561 279 2629 honorem
301 2587 359 2630 cor
380 2565 504 2649 elevat,
532 2587 643 2630 rerum
675 2565 884 2631 affluentium
906 2564 1115 2632 abundantia

121 2663 257 2728 exultat.
301 2665 420 2732 Mundi
442 2689 521 2752 ergo
543 2665 672 2730 luorum
696 2667 870 2753 quaeritur
893 2665 954 2730 suh
973 2665 1116 2752 ejusho-

120 2764 211 2828 noris
233 2766 364 2851 specie,
397 2785 461 2850 quo
483 2763 599 2830 mundi
629 2765 759 2830 destrui
789 2763 884 2828 lucra
918 2761 1117 2829 debuerunt.

122 2859 272 2949 Cumque
300 2883 392 2928 mens
419 2863 616 2930 humilitatis
644 2864 773 2930 culmen
800 2864 948 2948 arripere
977 2863 1020 2928 ad
1047 2861 1115 2928 ela·

119 2961 242 3026 tionem
262 2965 398 3048 cogitat,
423 2965 510 3050 quod
531 2965 613 3030 loris
636 2966 775 3051 appetit,
799 2967 889 3028 intus
911 2965 1071 3028 immutat.

152 3154 179 3224 ¹¹)
200 3158 224 3210 1.
243 3157 305 3232 Tim.
326 3157 357 3224 δ’,
378 3159 402 3212 1.
422 3187 451 3198 -
482 3161 555 3228 Quod
575 3158 774 3226 coepiscopis,
799 3172 856 3232 curn
880 3159 1058 3225 proportione,
1086 3163 1117 3209 ut

149 3289 153 3299 .
206 3245 496 3314 annominemus,
520 3241 634 3312 intelligi
659 3243 716 3298 vult
733 3243 877 3310 Apostolus
900 3244 933 3294 de
948 3239 1070 3310 parochis
1090 3249 1120 3295 eo

205 3333 329 3396 quotqpot
346 3331 442 3387 habent
458 3331 603 3384 animarum
623 3344 719 3396 curam.
756 3329 858 3390 Bonuur
883 3341 950 3396 opus
975 3331 1000 3378 et
1025 3327 1113 3380 heroi·
1155 3371 1161 3380 .

191 3426 263 3469 ¹curu
282 3417 351 3480 crat,
374 3415 423 3468 hoo
441 3419 529 3484 optare
547 3429 653 3479 munus,
677 3429 728 3482 quo
746 3418 858 3480 tempore
876 3413 973 3488 gradus
991 3413 1025 3464 ad
1041 3427 1114 3466 rear-

204 3497 302 3564 tyrium
326 3497 388 3566 luit,
415 3495 532 3570 illudque
555 3499 660 3551 nonnisi
683 3500 878 3568 persecutiones
905 3505 930 3548 ot
948 3495 1050 3550 labores
1068 3497 1114 3551 s'e·

145 3574 150 3660 f
205 3583 358 3648 quebantur.
394 3585 529 3640 sexdecim
547 3591 633 3637 autem
652 3585 812 3637 conditiones
836 3583 866 3655 „in
883 3576 1014 3649 Episcopo
1032 3583 1120 3652 exigit

145 3686 148 3694 Δ
206 3655 364 3736 Apostolus,
382 3667 467 3723 dacem
485 3669 668 3736 alfirmattras,
687 3683 735 3721 sex
752 3665 897 3734 negativas.
