2554 4172
513 199 717 263 ...91-

113 366 223 434 fortia
246 365 423 456 prospicit,
454 364 584 447 laudat,
615 375 648 431 et
668 377 766 432 caute
789 367 952 432 monendo
974 375 1120 454 postmo-

117 466 218 548 dum,
242 487 329 551 quae
351 463 483 530 infirma
505 473 601 546 sunt,
633 465 777 533 roborat.
821 465 880 531 Ait
900 466 1002 530 enim:
1023 465 1120 530 Gra*

116 567 203 632 tias
226 585 355 648 agere
378 562 574 632 debemus
596 567 684 632 Deo
708 587 868 652 semper
889 586 962 650 pro
984 565 1119 648 vobis,

116 667 295 742 fratres,
318 666 376 729 ita
398 674 444 729 ut
465 665 636 751 dignum
659 676 738 748 est,
763 666 957 752 quoniam
982 687 1120 751 super-

114 765 292 829 crescit
318 763 428 830 fides
458 775 625 848 vestra,
655 774 695 830 et
727 763 918 831 abundat
945 764 1120 830 caritas

113 862 471 950 ‘uniuscujusque
494 875 679 931 vestrum
700 866 742 929 in
764 863 970 946 invicem3
990 864 1051 928 ita
1073 872 1120 938 ut

115 972 162 1027 et
182 985 254 1028 nos
277 963 358 1048 ipsi
380 964 423 1028 in
445 963 571 1030 vobis
592 959 825 1048 gloriemur
847 963 891 1028 in
913 962 1118 1028 ecclesiis

116 1059 218 1144 Dei,
241 1084 316 1148 pro
338 1064 558 1148 patientia
579 1049 729 1129 vestra
754 1071 791 1128 ct
811 1061 906 1153 fide.
926 1064 952 1147 ¹)

183 1160 252 1242 Qui
283 1182 357 1225 cum
392 1161 514 1227 blanda
549 1163 632 1228 haec
670 1164 759 1228 vitae
789 1185 903 1229 eorum
938 1164 1118 1246 praeconia

114 1261 366 1347 praemisisset,
394 1260 600 1349 paulopost
627 1260 787 1343 subdidit,
824 1261 954 1327 dicens:
988 1263 1120 1346 Roga·
1164 1331 1177 1358 ·

118 1383 209 1426 mus
232 1370 365 1426 autem
387 1385 474 1444 vos,
496 1362 670 1445 fratrea,
699 1384 772 1448 per
795 1361 1022 1426 adventum
1043 1361 1117 1430 Do·

118 1459 222 1522 mini
240 1461 377 1525 nostri
397 1460 528 1526 JESU
554 1459 736 1543 Christi,
767 1470 807 1524 et
829 1470 1000 1526 nostrae
1024 1482 1115 1527 con·

117 1559 394 1642 gregationis
423 1561 471 1626 in
494 1561 645 1647 ipsum,
674 1572 821 1626 utnon
845 1563 930 1626 cito
951 1582 1116 1625 movea-

116 1658 220 1722 mini
248 1682 268 1724 a
300 1669 448 1725 vestro
482 1680 632 1740 sensu,
670 1681 811 1745 neque
839 1660 1117 1742 terreamini,

115 1779 251 1843 neque
274 1760 589 1844 perspiritum,
619 1779 757 1844 neque
779 1781 851 1846 per
880 1779 1115 1840 sermonem,

117 1877 251 1940 neque
275 1878 348 1941 per
369 1856 587 1944 epistolam
608 1867 812 1942 tamquam
834 1880 907 1944 per
930 1881 1003 1924 nos
1025 1859 1115 1922 mis·

119 1974 220 2034 sam,
246 1957 371 2040 quasi
392 1957 529 2020 instet
550 1955 640 2019 dies
662 1956 842 2022 Domini.
857 1957 883 2040 ²)
927 1958 1008 2042 Egit
1029 1959 1116 2021 enim

118 2073 219 2117 verus
250 2052 381 2133 doctor,
413 2064 450 2120 ut
478 2054 570 2140 prius
600 2053 754 2120 audirent
780 2053 929 2136 laudati,
954 2054 1043 2140 quod
1064 2077 1117 2120 re·

116 2163 372 2237 cognoscerent,
396 2164 430 2218 et
449 2152 673 2242 postmodum,
699 2152 787 2238 quod
808 2152 974 2220 exhortati
998 2175 1117 2239 seque-

116 2261 247 2318 rentur:
270 2262 439 2339 quatenus
461 2275 573 2318 eorum
595 2261 749 2336 mentem,
772 2275 813 2318 ne
836 2251 1015 2319 admonitio
1039 2251 1116 2317 sub·

111 2351 231 2436 juncta
253 2361 455 2435 concuteret,
477 2353 552 2420 laus
562 2351 751 2439 praemissa
764 2349 940 2434 solidaret3
954 2351 980 2432 ³)
1003 2352 1117 2438 etqui

116 2459 290 2516 commotos
328 2471 384 2517 eos
424 2453 528 2519 vicini
562 2453 637 2518 finis
672 2453 860 2540 suspicione
898 2460 1113 2536 cognoverat,

115 2570 181 2615 non
210 2551 277 2633 iam
305 2549 530 2636 redarguebat
558 2561 685 2635 motos,
723 2551 782 2617 sed
811 2553 909 2638 quasi
944 2560 1115 2618 transacta

114 2649 281 2733 nesciens,
309 2651 418 2716 adhuc
445 2652 642 2718 commoveri
668 2649 890 2739 prohibebat,
914 2661 951 2717 ut
972 2648 1051 2716 dum
1072 2648 1115 2716 de

114 2747 190 2834 ipsa
212 2747 349 2816 levitate
373 2751 528 2816 motionis
544 2751 771 2837 praedicatori
786 2773 845 2817 suc
869 2773 904 2815 sc
926 2750 1115 2833 incognitos

118 2845 302 2928 crederent,
324 2859 419 2916 tanto
442 2849 725 2937 reprehensibiles
747 2850 832 2932 fieri,
857 2859 982 2935 quanto
1004 2857 1038 2914 et
1059 2868 1114 2912 co·

117 2946 232 3026 gnosci
255 2947 299 3012 ab
319 2948 380 3013 illo
401 2947 630 3015 formidarent.

332 3109 407 3117 nau-..-

152 3186 175 3255 ¹)
193 3189 219 3243 2.
236 3187 326 3246 Thess.
345 3192 368 3259 1,
386 3192 411 3246 3.
429 3194 454 3246 t.
472 3223 506 3234 -
525 3192 549 3262 ²)
566 3193 590 3245 2.
609 3193 700 3243 Thess.
720 3191 745 3255 2,
764 3189 788 3244 1.
806 3189 831 3243 2.

185 3287 208 3360 ⁸)
227 3291 254 3346 S.
272 3291 379 3362 Gregor.
404 3297 453 3348 hoc
475 3297 544 3363 quod
567 3297 668 3360 monet,
693 3293 720 3345 in
746 3307 775 3346 ro
792 3291 895 3345 difficili
917 3293 1018 3346 iteratis
1042 3293 1111 3345 vici·

183 3377 248 3445 bus,
275 3377 369 3434 litteris
395 3385 448 3433 tum
476 3381 509 3434 ad
538 3377 688 3432 Mauritium
714 3377 774 3448 (lib.
797 3377 850 3430 ΙΙΙ.
874 3379 950 3447 epist.
975 3377 1031 3441 65.)
1056 3382 1111 3430 tum

181 3465 216 3517 cd
233 3463 347 3519 Phocum
367 3465 422 3532 (lib.
440 3467 518 3519 xlii.
536 3466 611 3535 epist.
630 3463 681 3527 38.)
700 3464 873 3534 Imperatores
890 3464 967 3530 datis,
985 3477 1111 3532 perquam

181 3554 240 3619 apte
258 3551 315 3620 ipse
334 3550 449 3622 perfecit.
