2556 4150
510 183 780 304 ‘'4⁵'‘.

111 355 272 423 v'i‘delicot
291 351 477 441 potentiam·
496 349 583 416 bene
607 352 718 436 regit,
744 351 802 436 qui
824 359 858 416 et
879 358 995 416 tenere
1013 335 1123 416 illam‘

111 457 248 526 noverit
269 455 521 540 etimpugnarc.¹
563 451 654 516 Bene
670 449 873 536 hanorcgit,
894 453 952 536 qui
975 453 1036 517 scit
1050 466 1117 538 per

110 549 1115 644 fflmwmwmmmfflfflmfflmmfflawffls

111 656 319 744 aequalitate
342 653 504 741 componi.
545 651 702 718 Humana
718 651 837 716 etenim
849 671 942 715 mens
961 649 1122 736 plerum-¹

111 780 178 850 que
201 753 389 837 extollitur,
419 753 518 818 etiam
546 773 621 817 cum
651 749 1119 836 nulla·pote'statefulcitu1¹;‘

112 866 237 945 quanto
263 855 372 938 magis
402 854 438 916 in
467 851 571 917 altum
595 875 629 916 se
651 849 770 934 erigit,
799 867 874 915 cum
896 871 932 914 se
955 851 986 914 ei
1009 848 1122 915 etiam*

108 965 259 1045 potestas
289 953 470 1040 adjungit?
515 951 624 1030 Quam
652 949 764 1015 tamen
794 958 992 1037 potestatem
1018 957 1114 1014 reete·

110 1055 302 1143 dispensat,
335 1054 393 1138 qni
422 1049 563 1116 sollicite
591 1051 719 1115 noverit
741 1058 774 1115 et
804 1071 937 1115 sumere
965 1068 1008 1114 ex
1040 1048 1123 1130 illa,¹

110 1155 201 1244 quod
222 1154 375 1235 adiuvat,
398 1161 431 1216 et
452 1171 660 1237 expugnare,
683 1149 773 1234 quod
788 1156 907 1229 tentat,
929 1160 962 1215 et
984 1169 1110 1236 aequa·

109 1249 1148 1336 lmaemfflmfflmmwmmmmms

112 1354 266 1420 cantibus
284 1352 360 1418 'nelo
383 1351 522 1417 ultionis
545 1347 723 1414 anteferre.

176 1452 241 1518 Sed
270 1453 358 1517 hanc
388 1449 621 1516 discretionem
650 1449 784 1536 plenius
812 1451 1043 1534 agnoscimus,
1078 1450 1109 1514 si

65 1625 67 1630 ,
110 1557 252 1640 pastoris
281 1552 381 1638 primi
402 1548 558 1636 exempla
587 1571 770 1614 cernamus.
812 1547 933 1616 Petrus
963 1568 1108 1637 namque

109 1663 244 1719 auctore
265 1651 352 1716 Deo·
374 1657 511 1716 sanctae
535 1647 708 1713 Ecclesiae
736 1649 959 1736 principatum
988 1661 1107 1715 tenens

110 1777 131 1820 a
152 1752 241 1818 bene
264 1751 386 1836 agente
401 1749 557 1815 Cornelio
579 1757 613 1813 et
636 1769 709 1813 sese
721 1750 750 1810 ei
772 1746 941 1813 humiliter
961 1759 1116 1834 prester·

109 1863 211 1916 nente
240 1849 486 1916 immoderatius
516 1848 672 1914 venerari
706 1851 893 1932 recusavit,
931 1871 1034 1934 seque
1061 1848 1110 1914 illi

114 1951 254 2014 similem
270 1949 479 2033 recognovit,
513 1949 639 2013 dicens:
670 1947 819 2030 Surge,
850 1973 898 2014 ne
927 1950 1119 2032 senories

114 2057 152 2113 et
174 2069 247 2132 ego
276 2049 368 2134 ipse
388 2047 507 2115 homo
532 2069 624 2118 sum.
645 2047 669 2129 ¹)
715 2045 781 2112 Sed
803 2069 875 2112 cum
896 2049 1051 2114 Ananiae
1076 2057 1111 2114 et

113 2143 1106 2236 Sfflmwwmmfflmmmwmmmmmu

110 2271 171 2334 per
193 2258 319 2314 ceteros
342 2247 564 2328 excrevisset,
586 2245 739 2311 ostendit.
755 2244 782 2332 ²)
827 2245 941 2312 Verbo
962 2267 1108 2334 namque

110 2369 222 2412 corum
254 2348 358 2412 vitam
396 2346 557 2433 perculit,
589 2367 688 2432 quam
722 2347 841 2432 spiritu
875 2347 1107 2434 perscrutante
1156 2353 1158 2360 “

108 2445 342 2532 deprehendit,
367 2456 400 2510 et
422 2467 584 2510 summum
607 2469 642 2510 se
671 2448 762 2510 intra
784 2446 969 2512 Ecclesiam
991 2457 1108 2514 contra

107 2555 248 2630 peccata
269 2545 427 2626 recoluit,
451 2537 546 2630 ¹quod
568 2543 691 2611 bonore
719 2543 784 2610 sibi
805 2545 1018 2611 vehementer
1048 2551 1107 2610 im·

107 2667 212 2731 penso
234 2667 346 2710 coram
368 2643 455 2709 bene
478 2644 657 2728 agentibus
685 2643 847 2710 fratribus
869 2669 935 2712 non
958 2648 1117 2730 agnovit'

107 2742 185 2810 illic
207 2743 467 2810 communionem
490 2743 705 2829 aequalitatis
726 2747 846 2810 meruit
869 2747 1030 2810 sauctitas
1054 2767 1107 2812 ao·

125 3025 128 3036 ,
162 2964 246 3030 ¹tores
264 2959 418 3020 humilium,
443 2961 522 3014 duces
541 2963 693 3031 superbiae,
717 2961 795 3016 ovina
808 2960 875 3014 facie
893 2961 998 3030 lupinos
1017 2963 1105 3016 dentes

179 3039 370 3097 abscondimus.
407 3040 456 3098 Sed
476 3048 536 3113 quis
554 3049 645 3098 horum
664 3045 725 3100 finis
743 3053 797 3113 est,
827 3047 877 3098 nisi
898 3049 966 3115 quod
987 3049 1116 3102 homiui·¹

179 3125 229 3177 bns
248 3129 394 3197 suademus,
415 3133 468 3184 Deo
487 3137 571 3184 autem
590 3130 722 3194 manifesti
741 3133 853 3185 sumus?
871 3172 877 3185 .
898 3175 902 3186 .
923 3173 929 3186 .
960 3135 1005 3186 Vir
1024 3149 1108 3188 sanc-

153 3233 159 3252 ι
177 3209 297 3263 tissimus
314 3217 485 3268 consacerdos
508 3229 582 3268 mous
605 3217 720 3270 Josnncs
739 3219 826 3272 vocari
853 3219 1014 3275 universalis
1029 3220 1118 3286 epte.

123 3339 130 3356 .
176 3310 258 3364 oopus
284 3304 399 3353 conatur.
434 3301 591 3356 Exclamare
614 3302 755 3370 compellor
781 3319 813 3358 sc
840 3305 943 3372 dicere:
970 3303 992 3356 Ο
1018 3308 1117 3372 tenu.

175 3395 275 3449 pora,
302 3389 460 3438 omores!
478 3425 487 3442 .
506 3425 513 3440 .
532 3426 540 3440 .
559 3427 565 3440 .
600 3387 651 3440 Ille
668 3389 825 3440 coercendus
849 3395 900 3456 est,
932 3389 979 3455 qui
998 3393 1108 3442 sanctae

176 3467 321 3522 universali
346 3469 481 3524 Ecclesiae
503 3471 627 3540 injuriam
655 3469 738 3541 iacit,
768 3474 813 3542 qui
840 3475 916 3528 corde
940 3477 1034 3542 tumet,
1058 3475 1107 3543 qui

174 3555 291 3620 gaudere
308 3555 339 3610 de
357 3558 461 3611 nomine
479 3555 668 3624 singularitatis
686 3559 809 3628 appetit.“

132 3639 153 3704 ¹)
171 3639 229 3694 Act.
249 3640 291 3710 10,
308 3641 351 3699 26.
371 3671 403 3683 -
422 3640 443 3710 ²)
461 3643 520 3698 Ast.
537 3641 563 3712 ,5,
581 3641 606 3698 d.
