2520 4152
561 211 794 278 ..m-f

173 379 413 468 praecipitatio.
458 377 513 444 Sic
534 378 568 443 in
589 376 648 442 illo
669 379 871 464 reprimatur
892 387 1031 466 repente
1053 378 1175 444 oborta

172 479 419 568 praecipitatio,
442 487 480 543 ut
501 487 612 542 tamen
634 500 699 542 non
710 478 927 544 convalescat
948 480 1111 560 impressa
1128 499 1176 542 ex

174 580 409 666 conspersione
432 576 593 644 formido*
624 576 714 656 Quid
736 585 847 642 autem
869 580 1006 657 mirum,
1029 577 1059 642 si
1077 599 1173 643 men·

172 679 253 744 tium
273 677 392 744 medici
413 679 480 743 ista
502 677 711 758 custodiunt,
726 677 816 744 dum
837 687 931 744 tanta
960 678 1184 743 discretionis·

172 785 244 842 arte
267 799 302 844 se
324 785 527 864 temperant,
550 780 609 864 qui
639 801 703 843 non
725 779 827 843 eorda
861 778 917 843 sed
944 797 1083 865 corpora
1105 800 1175 840 me·

173 875 321 942 dentur?
360 877 559 962 Plerumque
595 879 681 942 enim
716 876 826 943 debile
857 898 976 964 eorpus
1013 878 1175 964 opprimit

171 975 314 1061 languor
336 977 503 1056 immanis,
532 980 587 1042 eui
607 977 781 1062 languoris
811 977 936 1044 seilicet
958 973 1089 1041 obviari
1111 976 1175 1040 ad·

167 1077 303 1163 jutoriis
322 1075 466 1142 fortibus
484 1074 596 1158 debet,
621 1077 803 1144 sedtamen
825 1097 944 1164 corpus
966 1073 1087 1156 debile,
1112 1074 1174 1139 ad·

165 1175 328 1261 jutorium
350 1175 434 1240 forte
457 1197 523 1241 non
546 1178 697 1242 sustinet.
744 1175 998 1261 Studetigitur,
1023 1174 1081 1260 qui
1097 1197 1174 1238 me-

171 1271 286 1357 detur,
321 1285 487 1361 quatenus
515 1277 562 1340 sic
593 1277 891 1361 superexistentem
913 1273 1067 1339 morbum
1091 1271 1173 1339 sub-

170 1371 304 1455 trahat,
333 1383 372 1438 ut
393 1395 606 1460 nequaquam
637 1377 810 1464 supposita
841 1376 988 1462 corporis
1010 1372 1173 1440 debilitas

169 1473 309 1552 creseat,
332 1493 374 1537 ne
390 1473 531 1540 fortasse
545 1472 688 1559 languor
699 1497 773 1540 oum
785 1476 854 1538 vita
870 1474 1011 1540 deficiat.
1056 1473 1171 1540 Tanta

170 1591 250 1654 ergo
273 1570 475 1657 adjutorium
497 1571 692 1640 discretione
703 1575 881 1658 componit,
901 1584 938 1638 ut
952 1595 1019 1638 uuo
1040 1571 1168 1638 eodem·

168 1691 235 1758 que
258 1680 405 1758 tempore
428 1682 462 1737 et
482 1672 640 1758 languori
661 1671 774 1738 obviet
796 1683 828 1738 et
840 1671 1013 1737 debilitati.
1049 1672 1083 1738 Si
1102 1673 1163 1757 igi·

167 1778 225 1836 tur
247 1771 410 1836 medicina
431 1773 579 1858 eorporis
594 1772 739 1838 indivise
759 1771 912 1838 adhibita
935 1773 1060 1838 servire
1083 1771 1164 1838 divi-

167 1868 310 1936 sibiliter
323 1880 434 1957 potest
455 1873 552 1959 (tuno
573 1874 659 1938 enim
676 1895 756 1938 vere
772 1873 937 1939 medicina
949 1882 1009 1953 est,
1034 1869 1168 1959 quando

167 1969 219 2037 sio
248 1991 307 2057 per
336 1993 409 2038 eam
440 1973 523 2038 vitio
553 1973 815 2056 superexistenti
846 1974 1066 2055 succurritur,
1083 1969 1108 2055 ¹)
1131 1982 1185 2056 ut=

166 2069 271 2134 etiam
288 2072 479 2158 suppositae
491 2073 719 2160 conspersioni
731 2069 911 2159 serviatur)
930 2093 988 2138 eur
1002 2070 1172 2138 medicina

170 2170 291 2246 mentis
313 2191 381 2237 una
404 2171 587 2258 eademque
609 2171 859 2257 praedicatione
879 2170 1034 2258 apposita
1049 2168 1076 2256 ²)
1099 2193 1171 2237 mo·

170 2290 243 2334 rum
264 2268 386 2336 morbis
408 2270 538 2338 diverso
554 2269 668 2338 ordine
688 2271 826 2340 obviare
848 2291 914 2342 non
928 2267 1052 2347 valeat,
1077 2289 1172 2356 quae

169 2375 264 2456 tanto
288 2366 446 2437 subtilior
467 2370 591 2456 agitur,
614 2379 738 2455 quanto
760 2368 801 2432 de
824 2361 1054 2432 invisibilibus
1077 2375 1170 2434 trae·

170 2476 265 2534 tatur
282 2469 299 2534 ?
316 2467 343 2564 ³)
739 2528 742 2536 .
888 2527 891 2536 .
1247 2499 1249 2636 q

456 2653 483 2720 0
496 2654 526 2718 Α
541 2651 569 2716 Ρ
584 2649 617 2716 U
630 2649 671 2736 Τι
689 2649 892 2718 XXXVIII.

169 2787 271 2858 Quod
294 2789 493 2860 aliqnando
519 2785 661 2840 leviora
684 2786 783 2840 vitia
808 2786 1049 2856 relinquenda
1072 2796 1168 2858 suut,

395 2877 429 2926 ut
453 2870 636 2940 graviora
663 2872 938 2934 subtrahantur.

191 3035 194 3040 '
236 3025 302 3094 Sed
326 2989 406 3112 quia
427 3023 636 3114 plerumque,
658 3023 737 3092 dum
753 3025 895 3095 duorum
916 3027 1072 3092 vitiorum
1092 3027 1166 3096 lan·

169 3129 255 3212 g‘uor
273 3124 384 3208 irruit,
402 3122 466 3192 hoc
482 3124 602 3208 levius,
623 3125 707 3192 illud
716 3126 858 3194 fortasse
874 3127 1013 3211 gravius
1027 3129 1166 3213 premit3

171 3229 204 3294 ei
222 3224 378 3290 nimirum
400 3226 483 3293 vitio
510 3227 633 3292 rectius
663 3225 726 3296 sub
756 3226 925 3293 celeritate
956 3225 1174 3312 subventum

51 3379 60 3404 ,
169 3348 231 3416 per
251 3323 340 3412 quod
366 3325 488 3392 festine
515 3325 560 3390 ad
582 3327 754 3392 interitum
783 3325 943 3392 tenditur.
986 3327 1031 3392 Er
1052 3328 1080 3392 si
1102 3323 1166 3394 boo

168 3450 192 3493 a
212 3423 325 3520 vicina
345 3417 450 3495 morte
461 3425 618 3514 restringi
637 3437 838 3517 conpotem,
860 3427 926 3492 nisi
944 3424 1031 3491 illud
1047 3427 1164 3512 etism,

187 3663 304 3743 diditi„
317 3674 469 3730 oecunltur.
488 3691 521 3714 ··-
536 3671 562 3738 ⁸)
579 3672 644 3728 Alit.
661 3673 787 3744 oppositu.
806 3701 839 3724 ε,-
852 3669 881 3740 't
897 3672 963 3728 Alit.
980 3672 1107 3728 battuli.
