2554 4172
434 293 436 296 ,
486 249 532 275 2-
572 213 636 282 ne
676 247 718 272 .-

105 379 185 449 luce
212 379 338 446 clarius
364 387 507 464 constat,
548 380 638 466 quo'rl
664 399 774 447 coram
808 379 891 451 Deo:
907 379 1106 454 innocentio

106 481 287 570 emittitur,
313 491 394 572 ente
412 481 508 567 cujus
530 480 643 545 oculos
664 479 826 545 desiderio
843 490 1007 566 peccetur.
1041 532 1045 544 .
1079 493 1108 552 ’ς’

171 577 217 643 At
238 588 353 646 contra
375 579 430 661 hi,
462 601 545 665 quos
567 579 609 644 ab
632 580 866 666 iniquitatibus
887 601 950 647 nec
969 577 1108 664 flagello

107 689 332 766 compescunt,
370 689 462 745 tento
491 681 613 746 acriori
634 681 821 746 invectione
847 679 992 748 feriendi
1014 688 1109 758 sunt,

109 789 235 864 quanto
256 781 374 867 mojori
396 779 653 847 insensibilitate
670 781 864 848 duruerunt.
902 778 1106 862 Plerumque

109 879 198 942 enim
227 879 298 944 sine
329 878 565 963 dedignatione
595 879 801 965 dedignandi
829 890 921 959 sunt,
953 879 1024 944 siue
1047 877 1108 950 des

111 975 1104 1066 mfflmmmmffiffimwmmmmwma

110 1075 300 1163 desperatio
322 1077 530 1144 formidinem
551 1080 692 1146 incutiet
703 1127 712 1161 ‚
738 1091 770 1144 et
791 1078 969 1166 subjuncta
991 1075 1104 1142 edmo-

110 1177 192 1242 nitio
215 1177 259 1240 ad
281 1201 374 1265 spem
394 1177 542 1244 reducat
571 1178 731 1244 Districte
754 1181 868 1264 itaque
890 1188 1005 1244 contre
1028 1174 1104 1240 illos

77 1274 1105 1364 ,ὼωωωωωωὼωπωὴπωωψ-

108 1376 231 1440 tionem
256 1377 307 1444 sui
329 1378 538 1446 considerate
560 1389 695 1444 aeterna
707 1377 994 1444 animadversione
1008 1397 1102 1440 revo-

110 1487 236 1540 centur.
279 1475 430 1546 Audiant
451 1481 538 1544 enirn
567 1481 601 1544 in
631 1504 666 1544 ee
689 1478 862 1564 impletum
887 1501 977 1559 esse,
1014 1473 1104 1562 quod

109 1577 266 1661 scriptum
300 1588 364 1642 est:
394 1577 436 1642 Si
457 1578 699 1645 contuderis
729 1579 903 1644 stultum
933 1580 972 1642 in
1000 1576 1101 1664 pila,

108 1677 1102 1764 qnesiptmnnasfementedesuperpH0‚non

103 1773 857 1864 austrssurabeoemssfissnepm.ss
901 1775 1103 1842 &mentm

108 1873 273 1958 propheta
295 1875 436 1940 Domino
458 1879 688 1961 conqueritur,
725 1877 851 1942 dicens:
878 1875 1108 1941 nutrivisti

110 1993 194 2053 eos,
228 1985 269 2038 et
290 1985 529 2039 renuerunt
552 1977 750 2060 accipere
774 1974 1051 2061 disciplinam·
1077 1971 1104 2058 ³)
1188 2027 1190 2032 .

110 2069 199 2134 Hinc
222 2082 289 2155 est,
313 2072 400 2157 quod
421 2073 585 2138 Dominus
608 2071 703 2138 dicit:
725 2075 936 2139 Interfeci
958 2087 995 2140 et
1017 2097 1112 2161 per-2

110 2169 201 2236 didi
230 2172 427 2258 populum
455 2173 598 2253 istum,
633 2185 671 2240 et
701 2185 834 2240 tamen
862 2197 882 2238 a
905 2175 992 2238 viis
1016 2177 1107 2240 suis

106 2291 186 2334 non
216 2270 569 2361 suntreverstt)
613 2274 853 2340 Ifincrumum
876 2275 939 2338 mm
971 2275 1104 2359 Popu-

107 2369 171 2435 lus
192 2393 268 2436 non
293 2380 358 2435 est
379 2395 579 2438 reversus
601 2372 649 2437 ed
672 2375 987 2458 percutientem
1008 2396 1061 2438 se.
1078 2371 1118 2460 ⁵)ss

107 2469 196 2558 Hinc
219 2493 301 2537 voce
330 2471 572 2557 flagellantium
594 2474 758 2560 propheto
788 2475 1019 2560 conqueritur,
1055 2471 1110 2537 die

105 2619 409 2632 ——m—-n--u

178 2700 350 2768 terpretative.
387 2699 413 2752 4.
431 2703 517 2752 Timor
535 2716 580 2768 pro
599 2701 697 2770 objecto
715 2700 860 2753 immediato
879 2715 987 2768 poenam
998 2699 1110 2764 hebens‚‘

176 2794 214 2838 est
233 2793 307 2839 actus
330 2785 518 2855 imperans,
548 2788 633 2839 odium
655 2801 716 2839 vere
741 2801 765 2838 et
796 2787 931 2837 detestatio
949 2785 1048 2852 peccati
1066 2792 1108 2836 est

176 2877 250 2922 notus
275 2873 475 2938 imperatus
500 2886 607 2939 prorsus
626 2872 747 2923 diversus
773 2870 883 2922 abacto
903 2871 1001 2921 timoris
1020 2871 1105 2935 impc-

177 2958 265 3009 rantis.
299 2959 352 3008 Nee
370 2957 468 3010 timoris
487 2958 607 3008 motivum
626 2957 742 3008 excludit
765 2949 875 3006 ¹alterius
901 2955 1006 3004 virtutis
1026 2956 1105 3006 moti-

178 3057 253 3091 rum:
272 3042 348 3092 immo
366 3042 456 3094 timore
476 3043 584 3094 inducor
601 3042 633 3091 nd
653 3041 748 3091 motiva
761 3040 815 3090 eliu
827 3039 1019 3103 consideranda,
1038 3055 1104 3106 quae

178 3127 311 3177 retrahunt
328 3142 344 3175 n
363 3138 479 3194 peccato,
507 3132 532 3180 et
549 3132 582 3178 ed
601 3127 705 3176 virtutis
723 3124 876 3190 obsequium
906 3123 1052 3191 impellunt.
1070 3154 1104 3162 —

178 3211 231 3265 Cfr.
248 3212 272 3263 J.
291 3213 584 3266 Perrone'Pruelection
611 3217 670 3262 tom.
690 3211 735 3274 VI,
754 3224 810 3278 cap.
828 3209 864 3260 ΙΙ.
886 3209 917 3262 de
936 3209 1104 3262 Contritiono.

129 3295 374 3362 'nimum

143 3403 162 3468 ι)
181 3403 307 3456 obdurati
324 3401 458 3453 acerrimis
476 3399 563 3453 verbis
581 3378 713 3466 pungendi
732 3404 806 3462 sunt,
825 3413 902 3466 quum
921 3405 957 3449 tot
974 3397 1104 3464 tantisque

178 3490 321 3554 gratiarum
341 3488 417 3539 donis
434 3487 512 3539 abusi
530 3491 606 3538 sont:
633 3483 792 3550 significent
816 3484 934 3550 emphasi
959 3482 985 3540 S.
1009 3485 1111 3536 Doctor-

176 3574 202 3626 io
220 3575 351 3642 exprimit
370 3601 403 3612 -·
430 3571 450 3636 ²)
469 3575 545 3626 Pron
563 3571 604 3637 27,
623 3571 664 3625 22.
686 3599 715 3608 -
745 3567 767 3632 ³)
787 3569 840 3621 Jer.
859 3570 882 3634 5,
902 3569 926 3622 3.
946 3599 977 3608 -
1007 3566 1030 3632 ⁴)
1048 3569 1107 3621 ier.

177 3659 219 3728 15,
237 3661 260 3716 7.
282 3686 314 3701 -
332 3661 355 3729 ⁵)
374 3661 440 3716 leci.
458 3659 484 3720 9,
504 3659 544 3713 13.
