<?xml version="1.0" encoding="UTF-8"?>
<!DOCTYPE html PUBLIC "-//W3C//DTD XHTML 1.0 Transitional//EN"
    "http://www.w3.org/TR/xhtml1/DTD/xhtml1-transitional.dtd">
<html xmlns="http://www.w3.org/1999/xhtml" xml:lang="en" lang="en">
 <head>
  <title>
</title>
<meta http-equiv="Content-Type" content="text/html;charset=utf-8" />
  <meta name='ocr-system' content='tesseract 3.04.00' />
  <meta name='ocr-capabilities' content='ocr_page ocr_carea ocr_par ocr_line ocrx_word'/>
</head>
<body>
  <div class='ocr_page' id='page_1' title='image "./sgregoriipapaei00westgoog_0042.png"; bbox 0 0 2556 4150; ppageno 0'>
   <div class='ocr_carea' id='block_1_1' title="bbox 539 93 794 214">
    <p class='ocr_par' dir='ltr' id='par_1_1' title="bbox 539 93 794 214">
     <span class='ocr_line' id='line_1_1' title="bbox 539 93 794 214; baseline -0.008 0"><span class='ocrx_word' id='word_1_1' title='bbox 539 93 794 214; x_wconf 79' lang='lat' dir='ltr'>-—2l--¹</span> 
     </span>
    </p>
   </div>
   <div class='ocr_carea' id='block_1_2' title="bbox 135 312 1141 2583">
    <p class='ocr_par' dir='ltr' id='par_1_2' title="bbox 135 312 1141 2583">
     <span class='ocr_line' id='line_1_2' title="bbox 135 312 1137 400; baseline -0.002 -19"><span class='ocrx_word' id='word_1_2' title='bbox 135 317 222 381; x_wconf 87' lang='lat' dir='ltr'>mari</span> <span class='ocrx_word' id='word_1_3' title='bbox 242 324 335 379; x_wconf 82' lang='lat' dir='ltr'>recte</span> <span class='ocrx_word' id='word_1_4' title='bbox 349 325 468 380; x_wconf 83' lang='lat' dir='ltr'>navem</span> <span class='ocrx_word' id='word_1_5' title='bbox 485 323 519 379; x_wconf 93' lang='lat' dir='ltr'>et</span> <span class='ocrx_word' id='word_1_6' title='bbox 531 315 706 400; x_wconf 87' lang='lat' dir='ltr'>imperitus</span> <span class='ocrx_word' id='word_1_7' title='bbox 720 313 844 400; x_wconf 80' lang='lat' dir='ltr'>dirigit,</span> <span class='ocrx_word' id='word_1_8' title='bbox 868 312 1003 380; x_wconf 89' lang='lat' dir='ltr'>turbato</span> <span class='ocrx_word' id='word_1_9' title='bbox 1024 321 1137 383; x_wconf 86' lang='lat' dir='ltr'>autem</span> 
     </span>
     <span class='ocr_line' id='line_1_3' title="bbox 136 411 1137 500; baseline -0.002 -19"><span class='ocrx_word' id='word_1_10' title='bbox 136 415 348 500; x_wconf 73' lang='lat' dir='ltr'>tempestatis</span> <span class='ocrx_word' id='word_1_11' title='bbox 369 411 526 479; x_wconf 87' lang='lat' dir='ltr'>fluctibus</span> <span class='ocrx_word' id='word_1_12' title='bbox 550 413 649 478; x_wconf 87' lang='lat' dir='ltr'>etiam</span> <span class='ocrx_word' id='word_1_13' title='bbox 670 414 798 499; x_wconf 88' lang='lat' dir='ltr'>peritus</span> <span class='ocrx_word' id='word_1_14' title='bbox 821 434 856 476; x_wconf 90' lang='lat' dir='ltr'>se</span> <span class='ocrx_word' id='word_1_15' title='bbox 880 421 984 478; x_wconf 88' lang='lat' dir='ltr'>nauta</span> <span class='ocrx_word' id='word_1_16' title='bbox 997 411 1137 479; x_wconf 81' lang='lat' dir='ltr'>conlun-</span> 
     </span>
     <span class='ocr_line' id='line_1_4' title="bbox 137 509 1137 598; baseline -0.002 -21"><span class='ocrx_word' id='word_1_17' title='bbox 137 513 197 578; x_wconf 73' lang='lat' dir='ltr'>dit</span> <span class='ocrx_word' id='word_1_18' title='bbox 243 509 334 592; x_wconf 75' lang='lat' dir='ltr'>Quid</span> <span class='ocrx_word' id='word_1_19' title='bbox 357 531 501 598; x_wconf 85' lang='lat' dir='ltr'>namque</span> <span class='ocrx_word' id='word_1_20' title='bbox 524 520 575 577; x_wconf 88' lang='lat' dir='ltr'>est</span> <span class='ocrx_word' id='word_1_21' title='bbox 596 521 745 598; x_wconf 90' lang='lat' dir='ltr'>potestas</span> <span class='ocrx_word' id='word_1_22' title='bbox 767 511 936 593; x_wconf 89' lang='lat' dir='ltr'>culminis,</span> <span class='ocrx_word' id='word_1_23' title='bbox 964 511 1030 576; x_wconf 90' lang='lat' dir='ltr'>nisi</span> <span class='ocrx_word' id='word_1_24' title='bbox 1054 521 1137 576; x_wconf 88' lang='lat' dir='ltr'>tem-</span> 
     </span>
     <span class='ocr_line' id='line_1_5' title="bbox 136 609 1139 699; baseline -0.003 -22"><span class='ocrx_word' id='word_1_25' title='bbox 136 622 253 699; x_wconf 88' lang='lat' dir='ltr'>pestas</span> <span class='ocrx_word' id='word_1_26' title='bbox 273 611 419 676; x_wconf 80' lang='lat' dir='ltr'>mentis?</span> <span class='ocrx_word' id='word_1_27' title='bbox 450 611 576 696; x_wconf 88' lang='lat' dir='ltr'>inqua</span> <span class='ocrx_word' id='word_1_28' title='bbox 599 631 729 696; x_wconf 86' lang='lat' dir='ltr'>semper</span> <span class='ocrx_word' id='word_1_29' title='bbox 750 611 987 696; x_wconf 77' lang='lat' dir='ltr'>cogitationum</span> <span class='ocrx_word' id='word_1_30' title='bbox 1011 609 1139 699; x_wconf 88' lang='lat' dir='ltr'>procel·</span> 
     </span>
     <span class='ocr_line' id='line_1_6' title="bbox 136 708 1140 797; baseline -0.002 -21"><span class='ocrx_word' id='word_1_31' title='bbox 136 711 181 776; x_wconf 92' lang='lat' dir='ltr'>lis</span> <span class='ocrx_word' id='word_1_32' title='bbox 202 713 298 777; x_wconf 88' lang='lat' dir='ltr'>navis</span> <span class='ocrx_word' id='word_1_33' title='bbox 326 710 434 776; x_wconf 90' lang='lat' dir='ltr'>cordis</span> <span class='ocrx_word' id='word_1_34' title='bbox 465 710 634 797; x_wconf 89' lang='lat' dir='ltr'>quatitur,</span> <span class='ocrx_word' id='word_1_35' title='bbox 671 708 737 775; x_wconf 91' lang='lat' dir='ltr'>huc</span> <span class='ocrx_word' id='word_1_36' title='bbox 758 708 905 796; x_wconf 90' lang='lat' dir='ltr'>illucque</span> <span class='ocrx_word' id='word_1_37' title='bbox 929 712 1140 776; x_wconf 75' lang='lat' dir='ltr'>incessanter</span> 
     </span>
     <span class='ocr_line' id='line_1_7' title="bbox 138 809 1139 897; baseline 0.002 -22"><span class='ocrx_word' id='word_1_38' title='bbox 138 809 338 897; x_wconf 86' lang='lat' dir='ltr'>impellitur,</span> <span class='ocrx_word' id='word_1_39' title='bbox 362 819 399 874; x_wconf 86' lang='lat' dir='ltr'>ut</span> <span class='ocrx_word' id='word_1_40' title='bbox 419 832 480 897; x_wconf 90' lang='lat' dir='ltr'>per</span> <span class='ocrx_word' id='word_1_41' title='bbox 501 811 695 897; x_wconf 88' lang='lat' dir='ltr'>repentinos</span> <span class='ocrx_word' id='word_1_42' title='bbox 714 828 873 874; x_wconf 87' lang='lat' dir='ltr'>excessus</span> <span class='ocrx_word' id='word_1_43' title='bbox 895 810 963 875; x_wconf 91' lang='lat' dir='ltr'>oris</span> <span class='ocrx_word' id='word_1_44' title='bbox 980 823 1013 876; x_wconf 86' lang='lat' dir='ltr'>et</span> <span class='ocrx_word' id='word_1_45' title='bbox 1029 811 1139 896; x_wconf 87' lang='lat' dir='ltr'>operis</span> 
     </span>
     <span class='ocr_line' id='line_1_8' title="bbox 139 908 1136 1000; baseline -0.001 -25"><span class='ocrx_word' id='word_1_46' title='bbox 139 911 239 1000; x_wconf 80' lang='lat' dir='ltr'>quasi</span> <span class='ocrx_word' id='word_1_47' title='bbox 260 931 322 996; x_wconf 87' lang='lat' dir='ltr'>per</span> <span class='ocrx_word' id='word_1_48' title='bbox 344 909 516 976; x_wconf 84' lang='lat' dir='ltr'>obviantia</span> <span class='ocrx_word' id='word_1_49' title='bbox 537 931 623 975; x_wconf 86' lang='lat' dir='ltr'>saxa</span> <span class='ocrx_word' id='word_1_50' title='bbox 642 909 830 994; x_wconf 77' lang='lat' dir='ltr'>frangatur.</span> <span class='ocrx_word' id='word_1_51' title='bbox 863 909 956 974; x_wconf 86' lang='lat' dir='ltr'>Inter</span> <span class='ocrx_word' id='word_1_52' title='bbox 972 908 1057 974; x_wconf 86' lang='lat' dir='ltr'>haec</span> <span class='ocrx_word' id='word_1_53' title='bbox 1073 911 1136 974; x_wconf 91' lang='lat' dir='ltr'>ita·</span> 
     </span>
     <span class='ocr_line' id='line_1_9' title="bbox 139 1005 1137 1098; baseline -0.003 -23"><span class='ocrx_word' id='word_1_54' title='bbox 139 1031 205 1098; x_wconf 90' lang='lat' dir='ltr'>que</span> <span class='ocrx_word' id='word_1_55' title='bbox 238 1006 318 1094; x_wconf 86' lang='lat' dir='ltr'>quid</span> <span class='ocrx_word' id='word_1_56' title='bbox 345 1007 551 1094; x_wconf 85' lang='lat' dir='ltr'>sequendum</span> <span class='ocrx_word' id='word_1_57' title='bbox 578 1018 644 1090; x_wconf 86' lang='lat' dir='ltr'>est,</span> <span class='ocrx_word' id='word_1_58' title='bbox 679 1005 761 1094; x_wconf 87' lang='lat' dir='ltr'>quid</span> <span class='ocrx_word' id='word_1_59' title='bbox 782 1005 977 1091; x_wconf 88' lang='lat' dir='ltr'>tenendum,</span> <span class='ocrx_word' id='word_1_60' title='bbox 1011 1009 1078 1074; x_wconf 90' lang='lat' dir='ltr'>nisi</span> <span class='ocrx_word' id='word_1_61' title='bbox 1097 1015 1137 1073; x_wconf 87' lang='lat' dir='ltr'>nt</span> 
     </span>
     <span class='ocr_line' id='line_1_10' title="bbox 138 1107 1136 1195; baseline -0.003 -20"><span class='ocrx_word' id='word_1_62' title='bbox 138 1108 324 1175; x_wconf 88' lang='lat' dir='ltr'>virtutibus</span> <span class='ocrx_word' id='word_1_63' title='bbox 346 1107 476 1195; x_wconf 89' lang='lat' dir='ltr'>pollens</span> <span class='ocrx_word' id='word_1_64' title='bbox 498 1118 634 1174; x_wconf 87' lang='lat' dir='ltr'>coactus</span> <span class='ocrx_word' id='word_1_65' title='bbox 663 1108 706 1174; x_wconf 85' lang='lat' dir='ltr'>ad</span> <span class='ocrx_word' id='word_1_66' title='bbox 727 1109 875 1191; x_wconf 83' lang='lat' dir='ltr'>regimen</span> <span class='ocrx_word' id='word_1_67' title='bbox 897 1110 1031 1190; x_wconf 87' lang='lat' dir='ltr'>veniat,</span> <span class='ocrx_word' id='word_1_68' title='bbox 1068 1108 1136 1172; x_wconf 88' lang='lat' dir='ltr'>vir·</span> 
     </span>
     <span class='ocr_line' id='line_1_11' title="bbox 137 1206 1138 1274; baseline -0.002 -2"><span class='ocrx_word' id='word_1_69' title='bbox 137 1206 266 1272; x_wconf 88' lang='lat' dir='ltr'>tutibus</span> <span class='ocrx_word' id='word_1_70' title='bbox 287 1228 414 1272; x_wconf 87' lang='lat' dir='ltr'>vacuus</span> <span class='ocrx_word' id='word_1_71' title='bbox 437 1229 498 1271; x_wconf 92' lang='lat' dir='ltr'>nec</span> <span class='ocrx_word' id='word_1_72' title='bbox 519 1217 654 1274; x_wconf 87' lang='lat' dir='ltr'>coactus</span> <span class='ocrx_word' id='word_1_73' title='bbox 676 1206 841 1273; x_wconf 83' lang='lat' dir='ltr'>accedat?</span> <span class='ocrx_word' id='word_1_74' title='bbox 878 1206 943 1270; x_wconf 92' lang='lat' dir='ltr'>Ille</span> <span class='ocrx_word' id='word_1_75' title='bbox 962 1208 990 1271; x_wconf 92' lang='lat' dir='ltr'>si</span> <span class='ocrx_word' id='word_1_76' title='bbox 1003 1207 1138 1272; x_wconf 90' lang='lat' dir='ltr'>omnino</span> 
     </span>
     <span class='ocr_line' id='line_1_12' title="bbox 140 1304 1136 1392; baseline -0.002 -22"><span class='ocrx_word' id='word_1_77' title='bbox 140 1307 314 1389; x_wconf 84' lang='lat' dir='ltr'>renititur,</span> <span class='ocrx_word' id='word_1_78' title='bbox 347 1315 468 1378; x_wconf 84' lang='lat' dir='ltr'>caveat</span> <span class='ocrx_word' id='word_1_79' title='bbox 495 1328 538 1371; x_wconf 90' lang='lat' dir='ltr'>ne</span> <span class='ocrx_word' id='word_1_80' title='bbox 567 1315 739 1392; x_wconf 87' lang='lat' dir='ltr'>acceptam</span> <span class='ocrx_word' id='word_1_81' title='bbox 769 1308 947 1391; x_wconf 86' lang='lat' dir='ltr'>pecuniam</span> <span class='ocrx_word' id='word_1_82' title='bbox 978 1306 1012 1371; x_wconf 91' lang='lat' dir='ltr'>in</span> <span class='ocrx_word' id='word_1_83' title='bbox 1035 1304 1136 1370; x_wconf 85' lang='lat' dir='ltr'>suda-</span> 
     </span>
     <span class='ocr_line' id='line_1_13' title="bbox 141 1405 1136 1492; baseline 0.003 -23"><span class='ocrx_word' id='word_1_84' title='bbox 141 1407 225 1470; x_wconf 87' lang='lat' dir='ltr'>rium</span> <span class='ocrx_word' id='word_1_85' title='bbox 247 1405 377 1490; x_wconf 89' lang='lat' dir='ltr'>ligans,</span> <span class='ocrx_word' id='word_1_86' title='bbox 401 1405 443 1470; x_wconf 88' lang='lat' dir='ltr'>dc</span> <span class='ocrx_word' id='word_1_87' title='bbox 465 1406 539 1492; x_wconf 89' lang='lat' dir='ltr'>ejus</span> <span class='ocrx_word' id='word_1_88' title='bbox 562 1406 787 1471; x_wconf 77' lang='lat' dir='ltr'>occultatione</span> <span class='ocrx_word' id='word_1_89' title='bbox 804 1405 986 1492; x_wconf 86' lang='lat' dir='ltr'>judicetur.</span> <span class='ocrx_word' id='word_1_90' title='bbox 1031 1405 1136 1472; x_wconf 90' lang='lat' dir='ltr'>Pecu·</span> 
     </span>
     <span class='ocr_line' id='line_1_14' title="bbox 138 1502 1138 1592; baseline -0.001 -21"><span class='ocrx_word' id='word_1_91' title='bbox 138 1506 228 1571; x_wconf 88' lang='lat' dir='ltr'>niam</span> <span class='ocrx_word' id='word_1_92' title='bbox 260 1505 384 1590; x_wconf 89' lang='lat' dir='ltr'>quippe</span> <span class='ocrx_word' id='word_1_93' title='bbox 414 1505 450 1568; x_wconf 89' lang='lat' dir='ltr'>in</span> <span class='ocrx_word' id='word_1_94' title='bbox 481 1502 615 1570; x_wconf 87' lang='lat' dir='ltr'>sudario</span> <span class='ocrx_word' id='word_1_95' title='bbox 643 1503 749 1589; x_wconf 88' lang='lat' dir='ltr'>ligare</span> <span class='ocrx_word' id='word_1_96' title='bbox 782 1513 833 1569; x_wconf 89' lang='lat' dir='ltr'>est</span> <span class='ocrx_word' id='word_1_97' title='bbox 857 1515 1017 1592; x_wconf 87' lang='lat' dir='ltr'>percepta</span> <span class='ocrx_word' id='word_1_98' title='bbox 1050 1504 1138 1570; x_wconf 88' lang='lat' dir='ltr'>dona</span> 
     </span>
     <span class='ocr_line' id='line_1_15' title="bbox 139 1599 1137 1690; baseline 0.001 -20"><span class='ocrx_word' id='word_1_99' title='bbox 139 1603 201 1670; x_wconf 87' lang='lat' dir='ltr'>snb</span> <span class='ocrx_word' id='word_1_100' title='bbox 225 1605 290 1670; x_wconf 90' lang='lat' dir='ltr'>otio</span> <span class='ocrx_word' id='word_1_101' title='bbox 314 1602 399 1668; x_wconf 89' lang='lat' dir='ltr'>lenti</span> <span class='ocrx_word' id='word_1_102' title='bbox 411 1602 553 1690; x_wconf 87' lang='lat' dir='ltr'>torporis</span> <span class='ocrx_word' id='word_1_103' title='bbox 568 1600 782 1669; x_wconf 87' lang='lat' dir='ltr'>abscondere.</span> <span class='ocrx_word' id='word_1_104' title='bbox 801 1599 826 1690; x_wconf 85' lang='lat'>¹)</span> <span class='ocrx_word' id='word_1_105' title='bbox 860 1603 906 1670; x_wconf 86' lang='lat' dir='ltr'>At</span> <span class='ocrx_word' id='word_1_106' title='bbox 922 1615 1049 1687; x_wconf 89' lang='lat' dir='ltr'>contra,</span> <span class='ocrx_word' id='word_1_107' title='bbox 1072 1607 1137 1671; x_wconf 89' lang='lat' dir='ltr'>iste</span> 
     </span>
     <span class='ocr_line' id='line_1_16' title="bbox 139 1700 1137 1790; baseline -0.002 -21"><span class='ocrx_word' id='word_1_108' title='bbox 139 1726 214 1769; x_wconf 89' lang='lat' dir='ltr'>cnm</span> <span class='ocrx_word' id='word_1_109' title='bbox 240 1705 389 1788; x_wconf 90' lang='lat' dir='ltr'>regimen</span> <span class='ocrx_word' id='word_1_110' title='bbox 417 1702 562 1789; x_wconf 88' lang='lat' dir='ltr'>appetit,</span> <span class='ocrx_word' id='word_1_111' title='bbox 591 1700 758 1785; x_wconf 89' lang='lat' dir='ltr'>attendat,</span> <span class='ocrx_word' id='word_1_112' title='bbox 788 1724 830 1770; x_wconf 89' lang='lat' dir='ltr'>ue</span> <span class='ocrx_word' id='word_1_113' title='bbox 859 1725 920 1790; x_wconf 92' lang='lat' dir='ltr'>per</span> <span class='ocrx_word' id='word_1_114' title='bbox 948 1702 1137 1790; x_wconf 87' lang='lat' dir='ltr'>exemplum</span> 
     </span>
     <span class='ocr_line' id='line_1_17' title="bbox 139 1798 1141 1890; baseline -0.002 -23"><span class='ocrx_word' id='word_1_115' title='bbox 139 1803 238 1890; x_wconf 85' lang='lat' dir='ltr'>pravi</span> <span class='ocrx_word' id='word_1_116' title='bbox 259 1803 370 1888; x_wconf 89' lang='lat' dir='ltr'>operis</span> <span class='ocrx_word' id='word_1_117' title='bbox 393 1798 650 1867; x_wconf 76' lang='lat' dir='ltr'>Pharisaeorum</span> <span class='ocrx_word' id='word_1_118' title='bbox 671 1823 760 1868; x_wconf 84' lang='lat' dir='ltr'>more</span> <span class='ocrx_word' id='word_1_119' title='bbox 780 1800 823 1866; x_wconf 86' lang='lat' dir='ltr'>ad</span> <span class='ocrx_word' id='word_1_120' title='bbox 840 1803 1027 1886; x_wconf 87' lang='lat' dir='ltr'>ingressum</span> <span class='ocrx_word' id='word_1_121' title='bbox 1043 1802 1141 1887; x_wconf 88' lang='lat' dir='ltr'>regni</span> 
     </span>
     <span class='ocr_line' id='line_1_18' title="bbox 140 1899 1139 1987; baseline 0.003 -24"><span class='ocrx_word' id='word_1_122' title='bbox 140 1899 353 1964; x_wconf 81' lang='lat' dir='ltr'>tendentibus</span> <span class='ocrx_word' id='word_1_123' title='bbox 375 1899 582 1966; x_wconf 87' lang='lat' dir='ltr'>obstaculum</span> <span class='ocrx_word' id='word_1_124' title='bbox 604 1899 679 1981; x_wconf 86' lang='lat' dir='ltr'>fiat,</span> <span class='ocrx_word' id='word_1_125' title='bbox 703 1901 761 1986; x_wconf 89' lang='lat' dir='ltr'>qui</span> <span class='ocrx_word' id='word_1_126' title='bbox 778 1902 880 1987; x_wconf 84' lang='lat' dir='ltr'>juxta</span> <span class='ocrx_word' id='word_1_127' title='bbox 903 1900 1059 1987; x_wconf 88' lang='lat' dir='ltr'>Magistri</span> <span class='ocrx_word' id='word_1_128' title='bbox 1082 1921 1139 1966; x_wconf 91' lang='lat' dir='ltr'>vo·</span> 
     </span>
     <span class='ocr_line' id='line_1_19' title="bbox 143 1998 1138 2088; baseline 0.002 -25"><span class='ocrx_word' id='word_1_129' title='bbox 143 2019 212 2063; x_wconf 90' lang='lat' dir='ltr'>cem</span> <span class='ocrx_word' id='word_1_130' title='bbox 235 2019 295 2063; x_wconf 91' lang='lat' dir='ltr'>neo</span> <span class='ocrx_word' id='word_1_131' title='bbox 315 1999 380 2083; x_wconf 88' lang='lat' dir='ltr'>ipsi</span> <span class='ocrx_word' id='word_1_132' title='bbox 401 2001 538 2080; x_wconf 88' lang='lat' dir='ltr'>intrant,</span> <span class='ocrx_word' id='word_1_133' title='bbox 561 2021 623 2064; x_wconf 86' lang='lat' dir='ltr'>nce</span> <span class='ocrx_word' id='word_1_134' title='bbox 645 1998 730 2065; x_wconf 92' lang='lat' dir='ltr'>alios</span> <span class='ocrx_word' id='word_1_135' title='bbox 747 2001 873 2065; x_wconf 86' lang='lat' dir='ltr'>intrare</span> <span class='ocrx_word' id='word_1_136' title='bbox 889 2004 1096 2088; x_wconf 83' lang='lat' dir='ltr'>permittunt.</span> <span class='ocrx_word' id='word_1_137' title='bbox 1110 1998 1138 2088; x_wconf 76' lang='grc'>2)</span> 
     </span>
     <span class='ocr_line' id='line_1_20' title="bbox 143 2096 1139 2186; baseline -0.002 -22"><span class='ocrx_word' id='word_1_138' title='bbox 143 2096 208 2164; x_wconf 85' lang='lat' dir='ltr'>Oui</span> <span class='ocrx_word' id='word_1_139' title='bbox 230 2097 507 2164; x_wconf 87' lang='lat' dir='ltr'>considerandum</span> <span class='ocrx_word' id='word_1_140' title='bbox 537 2120 670 2186; x_wconf 91' lang='lat' dir='ltr'>quoque</span> <span class='ocrx_word' id='word_1_141' title='bbox 700 2109 766 2182; x_wconf 90' lang='lat' dir='ltr'>est,</span> <span class='ocrx_word' id='word_1_142' title='bbox 798 2103 876 2185; x_wconf 90' lang='lat' dir='ltr'>quia</span> <span class='ocrx_word' id='word_1_143' title='bbox 909 2123 980 2164; x_wconf 91' lang='lat' dir='ltr'>cum</span> <span class='ocrx_word' id='word_1_144' title='bbox 1005 2119 1139 2164; x_wconf 89' lang='lat' dir='ltr'>causam</span> 
     </span>
     <span class='ocr_line' id='line_1_21' title="bbox 139 2195 1138 2286; baseline -0.003 -23"><span class='ocrx_word' id='word_1_145' title='bbox 139 2195 256 2283; x_wconf 83' lang='lat' dir='ltr'>populi</span> <span class='ocrx_word' id='word_1_146' title='bbox 288 2197 413 2264; x_wconf 88' lang='lat' dir='ltr'>electus</span> <span class='ocrx_word' id='word_1_147' title='bbox 441 2197 580 2285; x_wconf 86' lang='lat' dir='ltr'>praesul</span> <span class='ocrx_word' id='word_1_148' title='bbox 611 2199 767 2284; x_wconf 89' lang='lat' dir='ltr'>suscipit,</span> <span class='ocrx_word' id='word_1_149' title='bbox 801 2201 899 2286; x_wconf 86' lang='lat' dir='ltr'>quasi</span> <span class='ocrx_word' id='word_1_150' title='bbox 929 2198 972 2264; x_wconf 90' lang='lat' dir='ltr'>ad</span> <span class='ocrx_word' id='word_1_151' title='bbox 1000 2219 1138 2284; x_wconf 85' lang='lat' dir='ltr'>aegrum</span> 
     </span>
     <span class='ocr_line' id='line_1_22' title="bbox 139 2295 1137 2386; baseline 0.001 -27"><span class='ocrx_word' id='word_1_152' title='bbox 139 2295 289 2362; x_wconf 88' lang='lat' dir='ltr'>medicus</span> <span class='ocrx_word' id='word_1_153' title='bbox 318 2296 457 2362; x_wconf 87' lang='lat' dir='ltr'>accedit.</span> <span class='ocrx_word' id='word_1_154' title='bbox 513 2295 549 2361; x_wconf 90' lang='lat' dir='ltr'>Si</span> <span class='ocrx_word' id='word_1_155' title='bbox 578 2318 659 2382; x_wconf 88' lang='lat' dir='ltr'>ergo</span> <span class='ocrx_word' id='word_1_156' title='bbox 690 2296 800 2363; x_wconf 90' lang='lat' dir='ltr'>adhuc</span> <span class='ocrx_word' id='word_1_157' title='bbox 828 2300 863 2364; x_wconf 92' lang='lat' dir='ltr'>in</span> <span class='ocrx_word' id='word_1_158' title='bbox 893 2301 967 2386; x_wconf 87' lang='lat' dir='ltr'>ejus</span> <span class='ocrx_word' id='word_1_159' title='bbox 989 2317 1086 2386; x_wconf 88' lang='lat' dir='ltr'>opere</span> <span class='ocrx_word' id='word_1_160' title='bbox 1110 2295 1137 2380; x_wconf 78' lang='lat'>³)</span> 
     </span>
     <span class='ocr_line' id='line_1_23' title="bbox 139 2397 1137 2486; baseline 0 -26"><span class='ocrx_word' id='word_1_161' title='bbox 139 2397 313 2482; x_wconf 85' lang='lat' dir='ltr'>passiones</span> <span class='ocrx_word' id='word_1_162' title='bbox 337 2397 473 2479; x_wconf 86' lang='lat' dir='ltr'>vivunt,</span> <span class='ocrx_word' id='word_1_163' title='bbox 497 2418 563 2485; x_wconf 87' lang='lat' dir='ltr'>qua</span> <span class='ocrx_word' id='word_1_164' title='bbox 585 2398 831 2484; x_wconf 88' lang='lat' dir='ltr'>praesumtione</span> <span class='ocrx_word' id='word_1_165' title='bbox 856 2419 1049 2486; x_wconf 86' lang='lat' dir='ltr'>percussum</span> <span class='ocrx_word' id='word_1_166' title='bbox 1071 2418 1137 2460; x_wconf 85' lang='lat' dir='ltr'>me·</span> 
     </span>
     <span class='ocr_line' id='line_1_24' title="bbox 141 2494 965 2583; baseline 0.002 -24"><span class='ocrx_word' id='word_1_167' title='bbox 141 2494 211 2560; x_wconf 83' lang='lat' dir='ltr'>deri</span> <span class='ocrx_word' id='word_1_168' title='bbox 232 2505 411 2582; x_wconf 88' lang='lat' dir='ltr'>properat,</span> <span class='ocrx_word' id='word_1_169' title='bbox 436 2497 549 2583; x_wconf 91' lang='lat' dir='ltr'>quiin</span> <span class='ocrx_word' id='word_1_170' title='bbox 570 2495 656 2560; x_wconf 88' lang='lat' dir='ltr'>facie</span> <span class='ocrx_word' id='word_1_171' title='bbox 678 2494 804 2562; x_wconf 89' lang='lat' dir='ltr'>vulnus</span> <span class='ocrx_word' id='word_1_172' title='bbox 826 2497 965 2583; x_wconf 86' lang='lat' dir='ltr'>portat?</span> 
     </span>
    </p>
   </div>
   <div class='ocr_carea' id='block_1_3' title="bbox 501 2693 775 2761">
    <p class='ocr_par' dir='ltr' id='par_1_3' title="bbox 501 2693 775 2761">
     <span class='ocr_line' id='line_1_25' title="bbox 501 2693 775 2761; baseline -0.007 0"><span class='ocrx_word' id='word_1_173' title='bbox 501 2693 698 2761; x_wconf 79' lang='lat' dir='ltr'>CAPUT</span> <span class='ocrx_word' id='word_1_174' title='bbox 732 2695 775 2759; x_wconf 89' lang='lat' dir='ltr'>X.</span> 
     </span>
    </p>
   </div>
   <div class='ocr_carea' id='block_1_4' title="bbox 200 2815 1075 2916">
    <p class='ocr_par' dir='ltr' id='par_1_4' title="bbox 200 2815 1075 2916">
     <span class='ocr_line' id='line_1_26' title="bbox 200 2815 1075 2916; baseline 0.001 -17"><span class='ocrx_word' id='word_1_175' title='bbox 200 2848 331 2915; x_wconf 85' lang='lat' dir='ltr'>Qualis</span> <span class='ocrx_word' id='word_1_176' title='bbox 354 2849 512 2916; x_wconf 87' lang='lat' dir='ltr'>quisque</span> <span class='ocrx_word' id='word_1_177' title='bbox 536 2849 575 2900; x_wconf 85' lang='lat' dir='ltr'>at</span> <span class='ocrx_word' id='word_1_178' title='bbox 600 2815 757 2914; x_wconf 72' lang='lat' dir='ltr'>regimen</span> <span class='ocrx_word' id='word_1_179' title='bbox 787 2849 914 2901; x_wconf 82' lang='lat' dir='ltr'>venire</span> <span class='ocrx_word' id='word_1_180' title='bbox 936 2848 1075 2902; x_wconf 82' lang='lat' dir='ltr'>tabeat.</span> 
     </span>
    </p>
   </div>
   <div class='ocr_carea' id='block_1_5' title="bbox 202 2980 1248 3067">
    <p class='ocr_par' dir='ltr' id='par_1_5' title="bbox 202 2980 1248 3067">
     <span class='ocr_line' id='line_1_27' title="bbox 202 2980 1248 3067; baseline 0.004 -24"><span class='ocrx_word' id='word_1_181' title='bbox 202 2980 269 3046; x_wconf 91' lang='lat' dir='ltr'>Ille</span> <span class='ocrx_word' id='word_1_182' title='bbox 290 2983 408 3067; x_wconf 86' lang='lat' dir='ltr'>igitur,</span> <span class='ocrx_word' id='word_1_183' title='bbox 438 2982 490 3047; x_wconf 89' lang='lat' dir='ltr'>illo</span> <span class='ocrx_word' id='word_1_184' title='bbox 519 2982 624 3048; x_wconf 87' lang='lat' dir='ltr'>modis</span> <span class='ocrx_word' id='word_1_185' title='bbox 653 2982 803 3048; x_wconf 88' lang='lat' dir='ltr'>omnibus</span> <span class='ocrx_word' id='word_1_186' title='bbox 832 2981 932 3048; x_wconf 87' lang='lat' dir='ltr'>debet</span> <span class='ocrx_word' id='word_1_187' title='bbox 958 2980 1001 3046; x_wconf 86' lang='lat' dir='ltr'>ad</span> <span class='ocrx_word' id='word_1_188' title='bbox 1024 3005 1136 3047; x_wconf 89' lang='lat' dir='ltr'>exem·</span> <span class='ocrx_word' id='word_1_189' title='bbox 1245 3019 1248 3026; x_wconf 95' lang='lat'>·</span> 
     </span>
    </p>
   </div>
   <div class='ocr_carea' id='block_1_6' title="bbox 117 3078 1138 3468">
    <p class='ocr_par' dir='ltr' id='par_1_6' title="bbox 117 3078 1138 3468">
     <span class='ocr_line' id='line_1_28' title="bbox 140 3078 1136 3171; baseline 0.001 -28"><span class='ocrx_word' id='word_1_190' title='bbox 140 3078 230 3166; x_wconf 91' lang='lat' dir='ltr'>plum</span> <span class='ocrx_word' id='word_1_191' title='bbox 251 3080 388 3146; x_wconf 87' lang='lat' dir='ltr'>vivendi</span> <span class='ocrx_word' id='word_1_192' title='bbox 408 3082 576 3171; x_wconf 88' lang='lat' dir='ltr'>pertrahi,</span> <span class='ocrx_word' id='word_1_193' title='bbox 606 3082 664 3168; x_wconf 92' lang='lat' dir='ltr'>qui</span> <span class='ocrx_word' id='word_1_194' title='bbox 686 3083 813 3148; x_wconf 89' lang='lat' dir='ltr'>cunctis</span> <span class='ocrx_word' id='word_1_195' title='bbox 837 3083 949 3146; x_wconf 88' lang='lat' dir='ltr'>carnis</span> <span class='ocrx_word' id='word_1_196' title='bbox 971 3083 1136 3168; x_wconf 92' lang='lat' dir='ltr'>passioni·</span> 
     </span>
     <span class='ocr_line' id='line_1_29' title="bbox 117 3179 1137 3270; baseline 0.002 -26"><span class='ocrx_word' id='word_1_197' title='bbox 117 3181 205 3256; x_wconf 16' lang='lat' dir='ltr'>,bus</span> <span class='ocrx_word' id='word_1_198' title='bbox 238 3179 382 3246; x_wconf 86' lang='lat' dir='ltr'>moriens</span> <span class='ocrx_word' id='word_1_199' title='bbox 409 3184 478 3268; x_wconf 87' lang='lat' dir='ltr'>jam</span> <span class='ocrx_word' id='word_1_200' title='bbox 513 3181 710 3270; x_wconf 87' lang='lat' dir='ltr'>spiritaliter·</span> <span class='ocrx_word' id='word_1_201' title='bbox 743 3182 849 3263; x_wconf 89' lang='lat' dir='ltr'>vivit,</span> <span class='ocrx_word' id='word_1_202' title='bbox 886 3185 942 3268; x_wconf 92' lang='lat' dir='ltr'>qui</span> <span class='ocrx_word' id='word_1_203' title='bbox 974 3203 1137 3269; x_wconf 90' lang='lat' dir='ltr'>prospera</span> 
     </span>
     <span class='ocr_line' id='line_1_30' title="bbox 139 3273 1138 3368; baseline 0.001 -28"><span class='ocrx_word' id='word_1_204' title='bbox 139 3274 255 3342; x_wconf 89' lang='lat' dir='ltr'>mundi</span> <span class='ocrx_word' id='word_1_205' title='bbox 276 3281 472 3364; x_wconf 89' lang='lat' dir='ltr'>postposuit,</span> <span class='ocrx_word' id='word_1_206' title='bbox 495 3283 553 3368; x_wconf 89' lang='lat' dir='ltr'>qui</span> <span class='ocrx_word' id='word_1_207' title='bbox 574 3279 668 3348; x_wconf 89' lang='lat' dir='ltr'>nulla</span> <span class='ocrx_word' id='word_1_208' title='bbox 684 3273 827 3348; x_wconf 64' lang='lat' dir='ltr'>adressa</span> <span class='ocrx_word' id='word_1_209' title='bbox 841 3281 1053 3367; x_wconf 90' lang='lat' dir='ltr'>pertimescit,</span> <span class='ocrx_word' id='word_1_210' title='bbox 1078 3281 1138 3365; x_wconf 88' lang='lat' dir='ltr'>qui</span> 
     </span>
     <span class='ocr_line' id='line_1_31' title="bbox 141 3374 1135 3468; baseline 0.003 -27"><span class='ocrx_word' id='word_1_211' title='bbox 141 3374 212 3441; x_wconf 88' lang='lat' dir='ltr'>sola</span> <span class='ocrx_word' id='word_1_212' title='bbox 242 3377 376 3442; x_wconf 88' lang='lat' dir='ltr'>interna</span> <span class='ocrx_word' id='word_1_213' title='bbox 399 3375 574 3450; x_wconf 86' lang='lat' dir='ltr'>desiderat.</span> <span class='ocrx_word' id='word_1_214' title='bbox 617 3382 723 3468; x_wconf 81' lang='lat' dir='ltr'>Cujus</span> <span class='ocrx_word' id='word_1_215' title='bbox 753 3380 928 3446; x_wconf 89' lang='lat' dir='ltr'>intentioni</span> <span class='ocrx_word' id='word_1_216' title='bbox 950 3377 1037 3443; x_wconf 87' lang='lat' dir='ltr'>bene</span> <span class='ocrx_word' id='word_1_217' title='bbox 1061 3400 1135 3444; x_wconf 87' lang='lat' dir='ltr'>con·</span> 
     </span>
    </p>
   </div>
   <div class='ocr_carea' id='block_1_7' title="bbox 177 3574 1135 3678">
    <p class='ocr_par' dir='ltr' id='par_1_7' title="bbox 177 3574 1135 3678">
     <span class='ocr_line' id='line_1_32' title="bbox 177 3574 1135 3678; baseline 0.004 -20"><span class='ocrx_word' id='word_1_218' title='bbox 177 3603 200 3672; x_wconf 83' lang='lat'>¹)</span> <span class='ocrx_word' id='word_1_219' title='bbox 219 3607 310 3660; x_wconf 80' lang='lat' dir='ltr'>Matth.</span> <span class='ocrx_word' id='word_1_220' title='bbox 330 3607 378 3673; x_wconf 80' lang='lat'>25,</span> <span class='ocrx_word' id='word_1_221' title='bbox 398 3607 438 3662; x_wconf 82' lang='lat'>18.</span> <span class='ocrx_word' id='word_1_222' title='bbox 459 3637 491 3645; x_wconf 97' lang='lat'><em>-</em></span> <span class='ocrx_word' id='word_1_223' title='bbox 511 3605 534 3674; x_wconf 86' lang='lat'>²)</span> <span class='ocrx_word' id='word_1_224' title='bbox 552 3609 645 3662; x_wconf 66' lang='lat' dir='ltr'>nater.</span> <span class='ocrx_word' id='word_1_225' title='bbox 664 3609 712 3678; x_wconf 83' lang='lat'>23,</span> <span class='ocrx_word' id='word_1_226' title='bbox 731 3609 773 3664; x_wconf 82' lang='lat'>13.</span> <span class='ocrx_word' id='word_1_227' title='bbox 794 3637 822 3646; x_wconf 95' lang='lat'>-</span> <span class='ocrx_word' id='word_1_228' title='bbox 844 3607 946 3672; x_wconf 71' lang='lat' dir='ltr'>orris.</span> <span class='ocrx_word' id='word_1_229' title='bbox 965 3621 1082 3677; x_wconf 69' lang='lat' dir='ltr'>corpore.</span> <span class='ocrx_word' id='word_1_230' title='bbox 1132 3574 1135 3580; x_wconf 70' lang='grc'><strong>’</strong></span> 
     </span>
    </p>
   </div>
   <div class='ocr_carea' id='block_1_8' title="bbox 0 0 1284 4150">
    <p class='ocr_par' dir='ltr' id='par_1_8' title="bbox 0 0 1284 4150">
     <span class='ocr_line' id='line_1_33' title="bbox 0 0 1284 4150; baseline 0 0"><span class='ocrx_word' id='word_1_231' title='bbox 0 0 1284 4150; x_wconf 95' lang='lat' dir='ltr'> </span> 
     </span>
    </p>
   </div>
  </div>
 </body>
</html>
