2556 4150
524 159 563 172 ..
605 123 644 186 51
690 158 729 169 ..

492 301 763 371 CAPUT-X.

124 399 230 506 Quae
257 441 336 486 esso
369 429 470 482 debet
495 429 654 482 rectoris
686 411 865 482 discretio
892 429 1127 482 correctionis

159 524 193 573 et
212 513 536 580 dissimulationis,
555 511 714 569 terroris
737 520 769 566 et
785 514 1079 568 mansuetudinis.

190 649 370 720 Sciendum
392 669 525 735 quoque
547 657 615 732 est,
639 648 727 736 quod
753 647 936 736 aliquando
960 648 1130 738 subjecto·¹

125 775 200 819 rum
230 749 314 816 vitia
343 745 524 832 prudenter
552 745 797 812 dissimulanda
826 756 922 830 sunt,
958 746 1017 812 sed
1045 749 1127 835 quia

126 846 397 927 dissimulantur,
424 843 620 909 indicanda:
650 843 834 929 aliquando
857 856 891 910 et
911 854 1027 932 aperte
1049 867 1126 930 cog·

125 951 198 1017 nita
219 954 349 1012 mature
370 942 564 1025 toleranda,
587 943 773 1029 aliquando
797 966 876 1009 vero
899 942 1066 1010 subtiliter
1092 954 1126 1008 et

125 1045 255 1115 occulte
276 1041 303 1129 ¹)
324 1041 583 1130 perscrutanda:
606 1041 787 1128 aliquando
804 1042 1135 1128 leniterarguenda,'

125 1142 311 1233 aliquando
333 1151 445 1208 autem
466 1139 677 1207 vehementer
699 1141 917 1228 increpanda.
955 1138 1126 1207 Nonnulla

127 1245 273 1332 quippe,
305 1250 341 1305 ut
364 1239 526 1320 diximus,
561 1238 743 1326 prudenter
770 1238 1012 1306 dissimulanda
1035 1248 1124 1319 eunt,

129 1340 202 1411 scd·
219 1341 297 1428 quia
325 1336 596 1421 dissimulantur,
631 1339 831 1406 indicanda:
860 1348 899 1405 ut
925 1362 999 1405 cum
1020 1338 1126 1405 doliu·

129 1463 237 1529 quens
270 1450 302 1504 et
339 1434 545 1523 deprehendi
578 1460 613 1505 eo
642 1440 811 1524 cognoscit
833 1449 866 1504 et
894 1441 1024 1525 perpeti
1050 1439 1124 1519 has,

128 1563 214 1628 quas
234 1539 271 1604 in
294 1558 328 1601 se
351 1539 450 1602 tacite
471 1535 609 1604 tolerari
631 1537 836 1621 considerat,
860 1560 985 1624 augere
1009 1538 1127 1626 culpas

127 1638 321 1718 erubescat,
345 1657 447 1724 seque
470 1657 505 1700 se
523 1636 638 1721 judice
661 1637 796 1723 puniat,
822 1659 918 1724 quem
943 1638 1009 1704 sibi
1036 1635 1127 1725 apud

130 1761 165 1805 se
197 1736 337 1804 rectoris
368 1735 533 1822 patientia
562 1736 740 1801 clementer
769 1748 918 1802 excusat.
963 1736 1039 1817 Qua
1065 1739 1127 1802 sci·

129 1837 209 1903 licet
222 1835 489 1902 dissimulatione
513 1835 596 1900 bene
608 1833 774 1901 Judacam
793 1835 956 1902 Dominus
975 1837 1128 1924 corripit,

132 1957 206 2001 cum
230 1957 291 2022 per
322 1931 520 2024 prophetam
542 1933 636 2000 dicit:
668 1935 856 2002 Mentita
885 1959 944 2017 es,
973 1945 1014 2001 et
1042 1938 1127 2001 mei

133 2055 211 2101 non
233 2054 275 2098 es
296 2033 534 2115 recordata,
558 2056 692 2120 neque
715 2035 922 2118 cogitasti
941 2037 983 2101 in
1000 2032 1126 2102 corde

131 2143 219 2215 tuo,
257 2133 360 2221 quia
394 2151 471 2218 ego
499 2141 676 2214 tacens,
719 2142 758 2196 et
792 2135 921 2217 quasi
954 2156 1037 2200 non
1069 2136 1124 2198 vi·

130 2232 240 2298 dens.
261 2229 288 2318 ²)
332 2233 377 2298 Et
398 2230 622 2299 dissimulavit
643 2253 722 2318 ergo
743 2231 878 2318 culpas,
912 2241 945 2297 et
966 2234 1125 2316 innotuit,

131 2331 211 2419 quia
234 2341 267 2397 et
289 2332 406 2399 contra
435 2341 627 2414 peccantem
648 2332 769 2413 tacuit,
807 2341 840 2396 et
861 2331 922 2396 hoc
943 2332 1051 2420 ipsum
1074 2323 1133 2397 ta·=

129 2452 218 2511 men,
242 2431 322 2515 quia
333 2433 488 2512 tacuerit,
512 2432 606 2497 dixit.
633 2430 805 2497 Nonnulla
820 2441 931 2497 autem
942 2430 996 2496 vel
1011 2442 1126 2518 aperte

129 2531 276 2614 cognita,
296 2543 423 2598 mature
435 2530 610 2599 toleranda
631 2541 718 2613 sunt,
741 2553 815 2595 oum
835 2528 994 2597 videlicet
1016 2553 1124 2597 rerum

129 2631 263 2696 minime
286 2631 518 2718 opportunitas
546 2632 715 2714 congruit,
746 2642 784 2697 ut
813 2639 928 2717 aperte
956 2633 1124 2717 corrigan-

129 2739 194 2794 tur.
216 2725 243 2815 3)
287 2727 372 2793 Nam
394 2738 486 2796 secta
505 2732 680 2795 immature
703 2728 844 2796 vulnera
865 2728 1011 2796 deterius
1025 2729 1125 2795 infer·

130 2837 288 2910 vescunt,
320 2838 354 2894 et
376 2829 441 2894 nisi
470 2851 543 2894 cum
572 2839 718 2916 tempore
739 2826 980 2893 medicamenta
1008 2849 1125 2894 conve·-

131 2925 244 3008 uiant,
267 2938 401 2994 constat
417 2928 534 3016 procul
557 2923 680 3007 dubio,
706 2926 792 3012 quod
814 2924 967 2994 medendi
985 2926 1132 2994 officium*

169 3155 189 3218 ¹)
207 3151 272 3204 Alit.
290 3156 399 3208 occulta.
418 3186 450 3196 -
470 3155 494 3224 ¹)
512 3155 625 3222 Isai.57‚
644 3155 686 3208 11.
705 3183 737 3192 -·
757 3153 779 3224 ³)
799 3155 923 3223 Congruit
938 3136 1133 3226 hisceproverss

206 3237 292 3290 bium:
326 3242 431 3306 „Nescit
446 3256 571 3311 regnare,
590 3243 636 3310 qui
655 3243 739 3296 nescit
762 3241 954 3295 dissimulare.“
987 3244 1045 3295 Jam
1071 3243 1129 3311 pri-

203 3325 260 3378 dem
287 3325 445 3380 Plutarchus
471 3327 509 3394 (in
534 3327 601 3394 Pol.)
628 3326 791 3394 observavit,
819 3343 952 3396 nunquam
981 3328 1130 3396 prudentem

203 3411 325 3466 nocuisse
343 3412 588 3482 dissimulationem,
613 3414 652 3466 uti
669 3427 803 3480 uunquam
820 3413 1011 3467 inconsiderata
1027 3413 1131 3466 soren-

203 3503 245 3552 tss
261 3497 403 3570 profuerit:
419 3506 446 3554 ot
462 3499 566 3554 'rullius
583 3497 777 3568 „Severitatem
795 3498 839 3566 sit,
858 3499 887 3568 in
902 3497 1131 3573 senectuteprobo‚

203 3584 323 3640 sedeam
342 3587 481 3654 modicam,
506 3584 671 3640 acerbitatem
688 3584 763 3640 nullo
781 3584 882 3640 modo.“
920 3583 1018 3642 Souoct
1037 3584 1079 3654 tt.
1099 3616 1132 3628 -
