2554 4172
548 205 777 274 ..rem

160 370 215 442 bis
237 380 291 438 est
309 369 525 456 superfluum,
554 369 651 439 modo
673 371 841 457 percussio
862 376 1002 452 mseeet,
1025 375 1058 434 et
1078 376 1163 454 tunc

163 469 233 536 scie
254 478 322 534 nos?
337 468 371 534 in
394 468 546 537 aedificio
577 469 754 538 concordia
784 467 933 536 caritatis
955 468 1047 553 liget
1090 465 1164 534 Aa.

159 567 316 635 monendi
336 580 416 634 cunt
436 569 549 654 aegri,
572 579 610 634 ut
632 567 844 634 considerent
857 591 918 655 pro
935 565 1160 654 percipiendis

159 667 304 734 terrenis
338 664 627 746 haereditatibus,
659 687 760 752 quam
790 667 877 731 dure
900 665 1053 731 carnales
1074 665 1162 732 filios

161 762 363 850 disciplinae
386 763 525 850 flagella
547 766 726 848 castigent:
765 765 862 846 Quae
887 785 966 849 ergo
987 765 1083 830 nobis
1106 764 1157 831 di·

160 863 260 928 vinae
290 863 509 948 correptionis
539 880 648 948 poena
677 864 791 946 gravis
813 873 883 943 est,
918 884 979 950 per
1001 885 1100 949 quam
1123 875 1158 931 et
1206 878 1213 885 “

159 983 342 1048 numquam
364 960 547 1026 amittenda
569 959 760 1033 haereditas
782 963 982 1049 percipitur,
1017 971 1051 1026 et
1072 984 1157 1044 sem-

159 1083 220 1148 per
239 1083 398 1126 mansura
419 1058 583 1147 supplicia
605 1061 781 1126 vitantur?
811 1061 901 1126 Hinc
922 1062 1044 1127 etenim
1066 1061 1156 1128 Pau-

159 1159 214 1226 lus
241 1161 301 1226 ait:
335 1159 493 1224 Patres
524 1159 691 1246 quidem
720 1161 860 1224 earnis
887 1171 1058 1226 nostrae
1088 1160 1155 1225 ba-

158 1259 323 1324 buimus
355 1257 683 1354 eruditorestqet
718 1258 1032 1324 reverebamur
1068 1281 1156 1341 eos3

161 1381 239 1428 nou
264 1355 288 1443 ¹)
312 1355 436 1422 multo
458 1356 1008 1442 magisiiobtemperabimus
1042 1360 1156 1443 patri

160 1457 409 1543 spirituum,
432 1464 472 1520 et
493 1456 711 1520 vivemus?
746 1456 796 1521 Et
818 1455 889 1519 illi
916 1457 1087 1540 quidem
1110 1459 1155 1523 in

158 1563 346 1643 tempore
380 1575 607 1640 paucorum
641 1551 799 1618 dierum
832 1553 1057 1619 secundum
1086 1578 1153 1620 vo·

159 1654 360 1722 luntatem
383 1675 498 1718 suam
521 1647 773 1718 erudiebant
794 1675 886 1734 nos;
919 1651 988 1716 bic
1011 1665 1154 1719 autem

160 1753 208 1820 ad
237 1753 279 1818 id
302 1752 410 1838 quod
432 1750 543 1816 utile
574 1751 699 1817 estin
727 1750 1151 1839 recipiendosancti·

157 1853 404 1922 ficationem
428 1853 531 1938 ejus.
552 1850 579 1936 ²)

221 1951 430 2024 Admuneudi
460 1961 538 2015 sunt
558 1953 669 2035 aegri,
705 1959 743 2015 ut
764 1947 992 2031 considerent,
1025 1960 1153 2035 quanta

158 2052 250 2120 salus
272 2050 381 2120 cordis
403 2051 446 2116 sit
466 2049 621 2116 molestia
637 2047 836 2135 corporalis,
862 2070 948 2135 quae
969 2049 1013 2113 ad
1037 2051 1150 2131 cogni-

157 2157 278 2220 tionem
302 2150 356 2216 sui
378 2161 519 2219 mentem
541 2158 691 2230 revocat,
715 2157 748 2213 et
767 2169 867 2234 quam
881 2147 1074 2234 plerumque
1092 2168 1146 2208 sa-

156 2252 209 2320 lus
237 2251 370 2335 abiicit,
400 2248 602 2316 infirmitatis
631 2249 822 2312 memoriam
846 2246 872 2334 3)
902 2248 1075 2324 reformat3
1108 2253 1145 2308 ut

157 2353 305 2431 animus,
334 2350 393 2436 qui
413 2359 511 2415 extra
534 2371 568 2412 se
592 2347 825 2420 inlelationem
848 2349 991 2427 ducitur,
1025 2344 1079 2408 cui
1102 2343 1146 2408 sit

157 2448 337 2518 conditioni
369 2447 538 2528 subditus,
574 2469 619 2512 ex
646 2468 822 2531 percussa,
858 2469 957 2534 quam
993 2444 1147 2523 sustinet,

157 2571 258 2616 carne
278 2557 484 2612 memoretur.
522 2545 620 2624 Quod
641 2556 730 2612 recte
752 2569 813 2633 per
824 2547 963 2612 Balaam
977 2545 1022 2634 (si
1036 2555 1149 2610 tamen

156 2665 270 2714 vocem
298 2646 364 2712 Dei
393 2643 554 2731 subsequi
584 2645 768 2712 obediendo
798 2646 973 2732 voluisset)
1008 2647 1043 2710 in
1074 2646 1149 2732 ipsa
1233 2713 1236 2718 ,

157 2750 230 2835 ejus
253 2744 379 2814 itineris
401 2745 624 2812 retardatione
646 2748 806 2831 signatur.
847 2745 986 2812 Balaam
1003 2766 1148 2831 namque

153 2847 331 2936 pervenire
354 2844 397 2910 ad
418 2845 621 2932 propositum
642 2846 762 2926 tendit,
785 2845 843 2911 sed
858 2847 931 2932 ejus
946 2857 1059 2914 votum
1075 2847 1146 2910 ani-

153 2947 233 3030 mal,
257 2947 311 3014 cui
323 2944 503 3030 praesidet,
526 2944 712 3032 praepedit.
724 2945 752 3032 ¹⁸)
781 2943 1009 3012 Prohibitione
1024 2947 1148 3033 quippe

157 3048 329 3115 immorata
350 3045 447 3111 acina
467 3042 634 3128 Angelum
646 3043 755 3126 videt,
779 3066 878 3131 quem
896 3045 1041 3112 humana
1054 3067 1148 3109 mens

155 3165 225 3214 nun
246 3143 352 3226 videt3
375 3146 454 3230 quia
475 3142 669 3230 plerumque
692 3164 768 3210 caro
790 3166 851 3230 per
866 3145 1036 3212 molestias
1050 3145 1148 3210 tarda

155 3243 289 3330 flagello
310 3266 370 3312 suo
392 3243 495 3311 menti
515 3241 625 3308 Deum
650 3243 792 3327 indicat,
826 3269 924 3332 quem
952 3267 1044 3310 mens
1072 3248 1148 3331 ipsa

156 3344 254 3411 carni
272 3342 466 3430 praesidens
490 3363 557 3408 non
575 3341 729 3425 videbat,
751 3349 796 3412 ita
812 3356 848 3410 ut
863 3347 1067 3410 anxietatem
1079 3347 1147 3430 spi·

193 3573 210 3637 ²)
231 3571 296 3626 Mic
312 3581 404 3624 nonne
423 3595 455 3606 -
482 3566 506 3635 ²)
523 3569 600 3629 Hetr.
619 3573 664 3638 12,
683 3573 707 3630 a.
728 3564 768 3630 10.
789 3603 817 3612 -
838 3574 862 3642 ³)
880 3575 945 3629 sur.
965 3574 1095 3626 memora.
1112 3598 1144 3612 -

226 3654 250 3722 ⁴)
268 3658 344 3707 Num.
361 3653 402 3722 22,
420 3651 528 3718 23.,-eto.
