2556 4150
7 3507 10 3592 ἱ

552 196 757 280 ..13-

156 377 237 446 miro
261 385 361 466 op'ere
384 381 547 469 explerit,
571 381 628 467 qui
642 387 931 472 proeessetentue
946 381 1152 449 mullitudilii
1209 423 1211 428 -

155 485 190 544 et
203 479 311 544 noluit
326 488 358 544 et
371 477 527 546 obeditis.
547 478 572 568 ¹)
603 479 774 568 Superbus
788 483 876 547 enim
891 482 1035 549 fortasse
1051 489 1150 565 esset,'

155 575 355 644 sidueatuin
376 577 482 668 plebis
491 577 686 648 innumerae
710 581 781 648 sine
802 582 1024 670 trepidatione
1047 583 1150 647 sus'oi·

153 669 266 765 peret3
290 687 322 742 et
343 685 476 744 rursum
500 679 664 768 superbus
686 682 862 766 existeret,
886 685 915 747 si
931 682 1077 747 auctoris
1094 683 1151 746 im·

153 779 248 864 perio
277 777 410 844 obedire
440 793 621 848 recusaret.
674 781 861 868 Utrobique
890 805 969 867 ergo
1003 781 1149 865 humilis,

153 875 334 966 utrobique
373 877 563 964 subjectus,
603 889 635 944 et
671 901 828 968 praeesse
862 881 996 968 populis
1032 887 1150 962 semet-

154 977 263 1062 ipsum
285 979 451 1044 metiendo
474 979 601 1062 uoluit,
633 989 799 1047 ettamen
822 977 861 1044 de
885 981 1079 1068 imperantis
1100 984 1149 1046 vi·

152 1075 247 1143 ribus
269 1077 513 1165 praesumendo
536 1081 712 1144 consensit.
755 1077 843 1144 Hine
858 1099 953 1164 ergo,
979 1079 1057 1146 bine
1076 1081 1148 1167 qui-¹

152 1196 217 1261 que
239 1177 442 1262 praecipites
464 1177 640 1262 colligant,
668 1201 742 1244 eum
765 1190 893 1266 quantu
915 1181 1015 1268 eulpa
1034 1203 1077 1244 ex
1090 1204 1148 1267 up·

151 1277 259 1363 petitu
275 1278 411 1361 proprio
423 1279 542 1341 eeteris
556 1278 723 1364 praeferri
734 1299 800 1341 non
814 1289 974 1362 metuunt,
997 1282 1025 1344 si
1041 1281 1149 1346 saneti

50 1431 54 1441 f
150 1375 215 1438 viri
235 1373 383 1460 plebium
405 1377 560 1441 ducatum
587 1377 759 1463 suscipere
779 1379 852 1443 Deo
881 1381 981 1442 etiam
1011 1379 1148 1461 iubente

149 1473 340 1539 timuerunt.
380 1475 515 1561 Moyses
539 1474 699 1540 suadente
719 1474 746 1560 ²)
768 1475 912 1542 Domino
934 1477 1092 1564 trepidat
1116 1488 1149 1545 et

150 1572 299 1637 infirmus
322 1575 483 1659 quisque,
507 1562 545 1638 ut
565 1575 698 1639 honoris
721 1595 805 1639 onus
827 1577 1010 1660 pereipiat,
1043 1576 1145 1640 enhe-

149 1669 213 1752 lat3
237 1683 269 1736 et
285 1674 343 1756 qui
353 1675 395 1736 ad
410 1695 523 1738 cesum
537 1674 635 1738 valde
648 1682 789 1757 urgetur
803 1695 844 1736 ex
855 1676 1010 1760 propriis,
1033 1675 1144 1740 hume-

149 1791 223 1834 rum
244 1769 390 1836 libenter
407 1773 645 1858 opprimendus
664 1772 870 1860 ponderibus
887 1771 1052 1838 submittit
1068 1773 1145 1836 slie-

149 1869 219 1950 nis3
243 1890 330 1954 quae
347 1873 427 1956 egit,
449 1872 536 1936 ferre
550 1893 616 1937 non
629 1874 731 1955 valet,
750 1881 783 1936 et
796 1885 907 1957 auget,
926 1872 1145 1960 quodportet.

387 2071 388 2076 κ
483 2039 679 2107 orror
709 2025 811 2106 'uus

148 2159 285 2225 Deliis,
314 2160 888 2230 quipraeesse-eoneupiseunu
917 2157 1015 2210 etad
1044 2171 1141 2208 usum

218 2259 305 2298 suno
334 2244 522 2296 libidinis
549 2245 835 2296 instrumentum
862 2243 1072 2310 apostolici

434 2329 620 2380 sermonis
646 2327 843 2395 arripiunt.

209 2433 413 2521 Plerumque
435 2458 515 2512 vero
544 2437 603 2522 qui
631 2456 789 2520 praeesse
811 2437 1065 2520 concupiscunt,
1098 2439 1142 2502 ad

145 2624 199 2697 nis
229 2633 415 2719 arripiunt,
446 2655 511 2720 quo
544 2634 607 2696 ait:
647 2631 691 2696 si
721 2635 815 2718 quis
846 2636 1168 2722 episcopatumi

146 2731 384 2813 desiderat,
410 2731 560 2797 bonum
583 2753 687 2816 opus
710 2729 933 2799 desideret
952 2733 995 2820 3);
1017 2738 1074 2820 qui
1091 2745 1140 2799 ta·

145 2853 222 2896 men
244 2830 610 2910 leudensdesiderium,
631 2832 667 2896 in
689 2853 846 2918 pavorem
864 2835 962 2898 vertit
977 2835 1142 2922 protinus,

147 2929 236 3016 quod
263 2931 437 3014 laudavit,
462 2953 541 3000 ,oum
568 2939 708 3017 repente
737 2933 926 3020 subjungit:
959 2931 1143 3020 Oportet
1217 3003 1222 3016 ,

147 3030 1142 3121 αιηθηιΕρίεοοριιιηἱττεΡτεὴθηείὺί]οωοεεθ.“)

64 3130 67 3136 ’
147 3127 298 3215 Cumque
317 3131 478 3194 virtutum
488 3133 679 3196 necessaria
694 3127 942 3216 subsequenter
958 3135 1140 3215 enumerat,

146 3251 233 3315 quse
263 3229 306 3294 sit
338 3227 683 3316 irreprehensibilitas
714 3231 809 3316 ipss,
844 3232 1059 3298 manifestet·
1097 3231 1143 3297 Et

78 3323 81 3330 ⁴
138 3327 237 3393 :fovet
259 3351 339 3413 ergo
363 3351 407 3392 ex
428 3327 610 3412 desiderio,
634 3339 667 3394 et
687 3339 793 3395 terret
815 3351 857 3394 ex
876 3341 1075 3419 praecepto,
1101 3353 1142 3396 ae

146 3427 175 3490 si
196 3438 312 3524 eperte
339 3426 444 3493 dieat:
481 3425 598 3494 Laudo
628 3425 718 3531 quod
747 3427 910 3516 quaeritis
917 3479 929 3528 ,³
960 3429 1018 3495 secl
1045 3426 1140 3516 prius

151 3543 212 3654 “li
228 3585 290 3640 uuir
306 3603 368 3658 ergo
388 3591 496 3657 Moyses
513 3589 612 3642 invitus
629 3591 655 3662 ot
671 3589 771 3643 volens.
807 3620 841 3630 -
860 3589 880 3654 ’)
898 3589 962 3672 Alit.
977 3584 1092 3659 jub‘dute.
1108 3621 1140 3630 -

232 3669 251 3735 ⁸)
270 3674 294 3727 1.
313 3675 377 3728 Tim.
396 3675 420 3742 3,
439 3677 464 3731 1.
484 3703 513 3713 -
536 3672 557 3738 ⁴)
576 3674 600 3728 1.
618 3673 682 3726 Tin.
701 3673 730 3742 32'
744 3673 770 3730 2.
825 3681 828 3688 “
880 3693 883 3696 ’
