2554 4172
450 711 590 808 rtis
627 713 849 809 tuitii.

147 885 411 1034 Qualiter
435 930 628 1015 rector
652 913 799 1017 bene
820 883 1024 1014 *vivens
1048 927 1145 1015 dc-

224 1042 371 1128 ·bcat
406 1041 615 1132 docere
649 1049 707 1131 ct
741 1048 1051 1136 admonere

504 1161 780 1250 subditos

531 1373 754 1384 -----.-...

436 1506 853 1581 PROLOGUS.

206 1662 296 1746 Quia
318 1667 422 1752 igitur
450 1669 561 1755 qualis
583 1676 654 1735 esse
686 1667 826 1751 debeat,
857 1677 972 1754 pastor
998 1669 1144 1734 ostendi-

142 1803 232 1861 mus,
253 1802 343 1848 nuno
366 1783 509 1869 qualiter
530 1782 658 1868 doceat,
681 1782 952 1849 demonstremus.
987 1782 1034 1847 Ut
1055 1783 1143 1849 enim

138 1895 238 1982 longe
262 1895 339 1963 ant‘e
361 1921 422 1964 nos
444 1899 646 1966 reverendae
668 1898 845 1965 memoriae
868 1896 1052 1984 Gregorius
1075 1896 1142 1962 Na-

140 2011 326 2082 zianzenus
349 2013 483 2082 edocuit
504 2015 546 2103 ¹),
568 2039 633 2082 non
657 2039 725 2082 una
742 2015 925 2102 eademque
939 2015 1070 2082 cunctis
1083 2037 1142 2080 ex·

140 2127 286 2198 hortatio
308 2133 473 2218 congruit,
498 2135 578 2218 quia
599 2155 661 2198 uec
682 2142 818 2199 cunctos
833 2153 896 2217 pur
911 2153 1039 2221 morum
1057 2152 1140 2218 qua·

139 2243 219 2314 litas
241 2247 431 2332 adstringit
476 2248 585 2336 Saepe
607 2269 750 2334 namque
773 2246 846 2314 aliis
867 2245 1028 2328 officiunt,
1051 2267 1138 2332 quae

140 2361 219 2427 aliis
241 2373 392 2448 prosunt,
417 2365 496 2451 quia
519 2373 552 2430 et
572 2363 767 2450 plerumque
783 2361 921 2444 herbae,
946 2383 1032 2449 quae
1055 2359 1139 2426 haec

148 2509 430 2524 *hm

172 2582 196 2644 Ι)
214 2580 285 2634 Orat.
304 2583 328 2636 1.
363 2581 541 2650 Opportunum
557 2596 615 2635 esse
634 2583 770 2649 duximus,
792 2584 936 2650 integrum,
954 2581 987 2635 ¹de
1005 2597 1056 2651 quo
1074 2584 1136 2650 agi-

209 2668 368 2734 toriacum,
387 2668 431 2722 iric
447 2666 551 2721 referre.
589 2670 660 2732 „Non
678 2668 747 2720 enim
765 2669 869 2720 eaedem
886 2668 1008 2734 rationes,
1025 2667 1071 2735 ait,
1090 2683 1139 2721 nec

208 2754 287 2806 iidem
305 2755 448 2807 animorum
470 2755 581 2822 impetus
599 2759 660 2806 sunt
682 2754 761 2805 maris
786 2758 812 2806 ot
828 2751 969 2820 foeminae,
997 2755 1139 2806 senectutis

208 2845 233 2891 et
249 2840 451 2906 adolescentiae,
479 2827 627 2892 divitiarum
653 2845 678 2892 et
696 2839 870 2907 paupertatis,
898 2838 993 2892 hilaris
1013 2845 1038 2892 et
1061 2853 1136 2891 moe-

205 2925 299 2992 rentis,
318 2927 375 2977 sani
394 2931 419 2978 et
436 2926 609 2994 aegrotantis,
629 2925 776 2994 principum
794 2924 1012 2992 atsubditorum,
1045 2923 1138 2977 erudi-

206 3016 289 3062 torum
307 3015 333 3063 et
351 3011 528 3078 indoctorum,
555 3011 692 3065 audacium
710 3016 735 3063 ct
753 3011 912 3076 timidorum,
941 3013 1136 3062 mansuetorum

206 3100 232 3147 et
248 3096 444 3165 inmundorum,
472 3111 578 3150 munere
595 3097 729 3164 praeclare
746 3093 909 3162 fungentium
937 3099 963 3147 et
980 3095 1136 3149 cedentium.

206 3180 281 3248 Quod
300 3182 323 3234 si
341 3183 491 3234 accuratius
508 3197 562 3236 rem
580 3181 723 3250 expendas,
743 3185 866 3248 quantum
885 3180 1051 3234 intervalium
1069 3181 1138 3232 inter

205 3266 359 3336 conjugatos
378 3272 403 3320 ct
420 3263 721 3338 coelibasinterjectuni
730 3267 862 3335 reperies?
897 3267 939 3320 Ex
963 3267 1007 3320 his
1031 3279 1126 3319 rursus

205 3357 329 3420 quantum
348 3353 415 3406 inter
433 3352 584 3406 solitudinis
603 3357 737 3418 amantes,
765 3358 791 3406 ot
808 3366 853 3406 sos
879 3353 925 3421 qui
950 3351 1072 3406 sodalitio
1089 3353 1137 3405 vi·

204 3444 295 3508 tneque
324 3439 446 3492 societate
467 3443 598 3508 gaudent,
627 3438 788 3492 discriminis
809 3438 877 3492 erit?
912 3438 1043 3507 Quantum
1066 3439 1137 3491 inter

203 3537 249 3577 eos
274 3525 321 3593 qui
346 3525 373 3576 in
400 3525 613 3595 contemplatione
639 3524 717 3591 longe
744 3528 939 3594 processerunt,
966 3527 991 3577 et
1014 3537 1060 3577 eos
1085 3525 1134 3592 qui

203 3610 330 3665 duntaxat
353 3616 451 3666 rectum
478 3611 546 3686 vitae
570 3611 619 3665 iter
641 3611 749 3665 tenent?
790 3611 922 3680 Quantum
945 3621 1038 3663 rursus
1064 3609 1135 3663 inter
