2554 4172
577 131 782 205 ..844

72 341 73 344 ¹
184 305 187 311 ’
243 308 453 374 Adrnonendi
481 317 560 374 sunt
586 308 718 396 itaque,
750 308 809 396 qui
837 317 1014 396 praesunt,
1051 313 1088 372 ut
1116 301 1180 394 per

181 409 488 496 circumspectionis
511 403 657 474 studium
685 407 799 472 oeulos
826 406 1008 492 pervigiles
1029 408 1120 472 intus
1142 413 1177 470 et

180 511 215 578 in
236 505 378 576 circuitu
407 508 567 589 habeant,
591 516 624 570 et
652 505 740 572 coeli
767 505 925 572 animalia
949 507 1020 572 fieri
1041 515 1176 572 eonten-

180 607 273 678 dant.
318 607 464 674 Ostensa
485 603 611 694 quippe
633 603 715 671 coeli
738 605 898 672 animalia
919 608 954 672 in
978 605 1120 673 circuitu
1141 616 1177 670 et

178 706 407 774 intus'oculis
439 706 542 792 plena
576 701 819 771 describuntur.
870 705 1020 792 Dignum
1049 706 1176 791 quippe

181 817 242 893 est,
262 818 300 874 ut
321 808 441 889 cuncti,
464 805 522 892 qui
542 815 714 891 praesunt,
737 806 829 872 intus
850 815 952 892 atque
974 809 1012 872 in
1033 805 1175 870 circuitu

178 907 294 976 oeulos
312 906 475 986 babeant,
498 914 666 991 quatenus
677 913 711 970 et
723 907 853 972 interno
869 903 980 994 judici
997 897 1034 970 in
1057 915 1174 972 semet·

178 1010 261 1097 ipsis
288 1007 424 1093 placere
446 1005 615 1086 studeant,
648 995 685 1069 et
717 1003 869 1094 exempla
898 1006 989 1072 vitae
1023 1005 1173 1070 exterius

178 1106 379 1194 praebentes
402 1127 443 1171 ea
465 1103 575 1188 etiam,
598 1127 684 1190 quae
707 1107 742 1170 in
764 1103 841 1170 aliis
864 1114 942 1172 sunt
963 1102 1174 1190 corrigenda,

180 1204 446 1295 deprehendant.¹
882 1281 885 1286 Ι

239 1303 449 1370 Admonendi
470 1314 547 1370 sunt
570 1303 712 1385 subditi,
746 1327 787 1369 ne
809 1307 1075 1392 praepositorum
1097 1325 1172 1369 suo-

177 1427 250 1472 rum
280 1405 383 1470 vitam
413 1413 535 1469 temere
559 1401 731 1492 judicent,
767 1403 796 1468 si
824 1402 905 1488 quid
939 1426 996 1469 eos
1029 1404 1172 1470 fortasse

178 1527 280 1591 agere
301 1503 611 1592 reprehensibiliter
636 1502 769 1585 vident,
801 1523 842 1567 ne
863 1502 951 1568 unde
971 1502 1066 1568 male·
1082 1513 1175 1569 recte

177 1603 395 1689 redarguunt,
416 1601 495 1668 inde
517 1624 579 1688 per
601 1602 756 1669 elationis
777 1601 957 1690 impulsum
977 1604 1013 1668 in
1034 1602 1174 1690 profun-

177 1701 273 1769 diora
294 1711 499 1788 mergentur.
539 1701 749 1768 Admonendi
772 1711 865 1784 sunt,
895 1723 936 1765 ne
958 1723 1032 1766 eum
1053 1701 1174 1789 culpas

176 1801 1173 1891 praepositorumconsiderant,contraeosaudaoioresfiant,

177 1901 236 1967 sed
258 1903 322 1984 sic,
353 1901 384 1966 si
406 1922 473 1989 qua
495 1899 593 1966 valde
615 1909 693 1966 sunt
714 1921 826 1966 eorum
847 1922 974 1985 prava,
1007 1901 1100 1988 apud
1122 1925 1172 1968 se-

176 2002 332 2088 metipsos
362 1999 563 2090 dijudicent,
592 2007 629 2065 ut
657 2010 770 2065 tamen
802 1998 915 2065 divino
943 2000 1061 2066 timore
1094 2021 1171 2066 oon·

177 2097 283 2167 stricti
302 2100 390 2167 ferre
412 2100 476 2166 sub
498 2101 546 2164 eis
562 2100 684 2186 jugum
695 2099 905 2164 reverentiae
918 2121 984 2164 non
1005 2108 1164 2166 recusent.
1210 2182 1213 2187 Ι

176 2201 276 2282 Quod
297 2200 416 2267 melius
443 2199 664 2280 ostendimus,
700 2199 729 2263 si
749 2197 865 2264 David
884 2197 1007 2264 fastum
1034 2195 1076 2262 ad
1097 2215 1164 2288 me-

176 2300 267 2365 diurn
290 2299 503 2365 deducamus.
548 2296 629 2362 Saul
651 2297 776 2384 qnippe
796 2308 1007 2385 persecutor,
1028 2317 1100 2362 cum
1121 2293 1167 2359 ad

175 2397 389 2493 purgandum
427 2408 576 2465 ventrem
609 2395 805 2482 speluncam
833 2397 954 2486 fuisset
984 2400 1168 2484 ingressus,

175 2495 248 2564 illic
262 2515 343 2564 'eum
365 2496 446 2562 viris
469 2497 537 2562 suis
551 2494 665 2561 David
676 2495 794 2578 inerat,
819 2497 878 2584 qui
894 2497 966 2584 jam
979 2507 1047 2561 tam
1068 2496 1168 2578 longo

175 2606 324 2686 tempore
346 2595 672 2682 persecutionisejus
690 2594 780 2661 mala
801 2595 973 2661 tolerabat.
1016 2593 1167 2680 Cumque

177 2719 252 2764 eum
273 2695 338 2762 viri
360 2696 412 2762 sui
433 2694 477 2760 ad
497 2693 684 2760 feriendum
706 2693 790 2761 Saul
811 2694 1044 2774 accenderent,
1067 2693 1168 2779 fregit

178 2819 234 2862 eos
264 2791 557 2882 responsionibus,
587 2794 666 2878 quia
693 2815 841 2866 manum,
856 2795 986 2860 mittere
1014 2795 1049 2860 in
1073 2791 1168 2860 Chri-

178 2909 264 2965 stum
286 2894 420 2965 Domini
441 2907 508 2960 no'n
530 2891 675 2959 deberet
722 2893 790 2973 Qui
810 2902 922 2960 tamen
943 2893 1071 2960 occulte
1095 2915 1168 2960 sur·

178 3001 277 3080 rexit,
300 3007 437 3062 etoram
447 2993 631 3083 chlamydis
654 2995 728 3082 ejus
739 2992 890 3060 abscidit.
905 2992 931 3075 ²)
966 2993 1056 3074 Quid
1080 2995 1171 3060 enim

142 3154 144 3159 .
177 3089 239 3184 per
261 3095 356 3178 Saul,
377 3095 444 3161 nisi
464 3093 544 3160 mali
566 3103 731 3176 rectores3
766 3093 847 3182 quid
866 3115 928 3184 per
950 3091 1081 3178 David,
1102 3093 1170 3159 nisi

176 3197 257 3265 boni
278 3195 404 3262 subditi
419 3193 666 3280 designantur?
687 3191 770 3258 Saul
791 3193 895 3278 igitur
916 3204 1067 3260 ventrem
1088 3215 1169 3280 pur·

177 3308 273 3386 gare,
296 3304 346 3362 est
366 3317 487 3384 pravos
499 3293 705 3383 praepositos
718 3303 909 3380 conceptam
931 3293 967 3361 in
980 3291 1079 3360 corde
1098 3315 1169 3358 ma·

36 3421 42 3437 ·
109 3415 110 3418 ’
176 3399 283 3466 litiam
312 3418 418 3484 usque
449 3395 492 3461 ad
520 3416 622 3482 opera
648 3394 759 3462 miseri
787 3393 896 3462 odoris
919 3392 1111 3474 extendere,
1135 3401 1170 3457 et
1266 3485 1267 3488 Ἴ

399 3537 459 3546 ...ι-

214 3610 233 3674 1)
253 3608 277 3663 1.
295 3609 359 3678 arg.
370 3607 419 3676 ss,
437 3607 462 3666 r.
480 3613 527 3662 es.
