<?xml version="1.0" encoding="UTF-8"?>
<!DOCTYPE html PUBLIC "-//W3C//DTD XHTML 1.0 Transitional//EN"
    "http://www.w3.org/TR/xhtml1/DTD/xhtml1-transitional.dtd">
<html xmlns="http://www.w3.org/1999/xhtml" xml:lang="en" lang="en">
 <head>
  <title>
</title>
<meta http-equiv="Content-Type" content="text/html;charset=utf-8" />
  <meta name='ocr-system' content='tesseract 3.04.00' />
  <meta name='ocr-capabilities' content='ocr_page ocr_carea ocr_par ocr_line ocrx_word'/>
</head>
<body>
  <div class='ocr_page' id='page_1' title='image "./sgregoriipapaei00westgoog_0216.png"; bbox 0 0 2520 4152; ppageno 0'>
   <div class='ocr_carea' id='block_1_1' title="bbox 515 201 742 282">
    <p class='ocr_par' dir='ltr' id='par_1_1' title="bbox 515 201 742 282">
     <span class='ocr_line' id='line_1_1' title="bbox 515 201 742 282; baseline 0.022 -5"><span class='ocrx_word' id='word_1_1' title='bbox 515 201 742 282; x_wconf 83' lang='lat'>-195-</span> 
     </span>
    </p>
   </div>
   <div class='ocr_carea' id='block_1_2' title="bbox 9 373 1124 3044">
    <p class='ocr_par' dir='ltr' id='par_1_2' title="bbox 9 373 1124 3044">
     <span class='ocr_line' id='line_1_2' title="bbox 117 373 1124 447; baseline 0.001 -1"><span class='ocrx_word' id='word_1_2' title='bbox 117 381 214 446; x_wconf 77' lang='lat' dir='ltr'>tione</span> <span class='ocrx_word' id='word_1_3' title='bbox 237 377 397 446; x_wconf 78' lang='lat' dir='ltr'>continue</span> <span class='ocrx_word' id='word_1_4' title='bbox 418 381 507 446; x_wconf 83' lang='lat' dir='ltr'>intra</span> <span class='ocrx_word' id='word_1_5' title='bbox 528 381 649 444; x_wconf 82' lang='lat' dir='ltr'>mentis</span> <span class='ocrx_word' id='word_1_6' title='bbox 664 389 777 445; x_wconf 81' lang='lat' dir='ltr'>castra</span> <span class='ocrx_word' id='word_1_7' title='bbox 793 393 828 445; x_wconf 80' lang='lat' dir='ltr'>se</span> <span class='ocrx_word' id='word_1_8' title='bbox 841 379 1002 445; x_wconf 78' lang='lat' dir='ltr'>muniant.</span> <span class='ocrx_word' id='word_1_9' title='bbox 1038 373 1124 447; x_wconf 75' lang='lat' dir='ltr'>Nam</span> 
     </span>
     <span class='ocr_line' id='line_1_3' title="bbox 121 477 1122 568; baseline 0.003 -23"><span class='ocrx_word' id='word_1_10' title='bbox 121 481 156 546; x_wconf 85' lang='lat' dir='ltr'>si</span> <span class='ocrx_word' id='word_1_11' title='bbox 186 501 206 544; x_wconf 83' lang='lat' dir='ltr'>a</span> <span class='ocrx_word' id='word_1_12' title='bbox 236 477 543 568; x_wconf 77' lang='lat' dir='ltr'>circumspectionis</span> <span class='ocrx_word' id='word_1_13' title='bbox 574 479 801 545; x_wconf 87' lang='lat' dir='ltr'>sollicitudine</span> <span class='ocrx_word' id='word_1_14' title='bbox 832 501 888 544; x_wconf 87' lang='lat' dir='ltr'>cor</span> <span class='ocrx_word' id='word_1_15' title='bbox 911 477 1122 563; x_wconf 69' lang='lat' dir='ltr'>idestltuitui,</span> 
     </span>
     <span class='ocr_line' id='line_1_4' title="bbox 121 577 1122 668; baseline 0.001 -23"><span class='ocrx_word' id='word_1_16' title='bbox 121 577 319 645; x_wconf 78' lang='lat' dir='ltr'>vulneribus</span> <span class='ocrx_word' id='word_1_17' title='bbox 340 581 506 666; x_wconf 79' lang='lat' dir='ltr'>aperitur:</span> <span class='ocrx_word' id='word_1_18' title='bbox 533 581 613 662; x_wconf 84' lang='lat' dir='ltr'>quia</span> <span class='ocrx_word' id='word_1_19' title='bbox 635 580 741 646; x_wconf 91' lang='lat' dir='ltr'>hostis</span> <span class='ocrx_word' id='word_1_20' title='bbox 764 579 905 644; x_wconf 75' lang='lat' dir='ltr'>collidus</span> <span class='ocrx_word' id='word_1_21' title='bbox 924 589 1018 646; x_wconf 81' lang='lat' dir='ltr'>tanto</span> <span class='ocrx_word' id='word_1_22' title='bbox 1039 581 1122 668; x_wconf 69' lang='lat' dir='ltr'>libe·</span> 
     </span>
     <span class='ocr_line' id='line_1_5' title="bbox 122 677 1123 766; baseline 0.002 -22"><span class='ocrx_word' id='word_1_23' title='bbox 122 680 199 744; x_wconf 85' lang='lat' dir='ltr'>rius</span> <span class='ocrx_word' id='word_1_24' title='bbox 219 689 337 766; x_wconf 88' lang='lat' dir='ltr'>pectus</span> <span class='ocrx_word' id='word_1_25' title='bbox 358 679 515 764; x_wconf 85' lang='lat' dir='ltr'>percutit,</span> <span class='ocrx_word' id='word_1_26' title='bbox 552 686 677 762; x_wconf 81' lang='lat' dir='ltr'>quanto</span> <span class='ocrx_word' id='word_1_27' title='bbox 701 677 827 744; x_wconf 89' lang='lat' dir='ltr'>nudum</span> <span class='ocrx_word' id='word_1_28' title='bbox 849 701 869 743; x_wconf 81' lang='lat' dir='ltr'>a</span> <span class='ocrx_word' id='word_1_29' title='bbox 890 677 1123 766; x_wconf 72' lang='lat' dir='ltr'>providentiae</span> 
     </span>
     <span class='ocr_line' id='line_1_6' title="bbox 124 777 1123 864; baseline 0 -19"><span class='ocrx_word' id='word_1_30' title='bbox 124 778 231 845; x_wconf 82' lang='lat' dir='ltr'>lorica</span> <span class='ocrx_word' id='word_1_31' title='bbox 254 777 482 864; x_wconf 81' lang='lat' dir='ltr'><strong>deprehendit.</strong></span> <span class='ocrx_word' id='word_1_32' title='bbox 525 777 736 843; x_wconf 87' lang='lat' dir='ltr'>Admonendi</span> <span class='ocrx_word' id='word_1_33' title='bbox 760 789 855 858; x_wconf 88' lang='lat' dir='ltr'>sunt,</span> <span class='ocrx_word' id='word_1_34' title='bbox 878 778 1123 864; x_wconf 74' lang='lat' dir='ltr'>quirepentina</span> 
     </span>
     <span class='ocr_line' id='line_1_7' title="bbox 125 877 1123 968; baseline 0 -24"><span class='ocrx_word' id='word_1_35' title='bbox 125 877 397 968; x_wconf 79' lang='lat' dir='ltr'>concupiscentia</span> <span class='ocrx_word' id='word_1_36' title='bbox 419 888 637 964; x_wconf 85' lang='lat' dir='ltr'>superantur,</span> <span class='ocrx_word' id='word_1_37' title='bbox 668 887 705 942; x_wconf 90' lang='lat' dir='ltr'>ut</span> <span class='ocrx_word' id='word_1_38' title='bbox 728 899 848 944; x_wconf 82' lang='lat' dir='ltr'>curare</span> <span class='ocrx_word' id='word_1_39' title='bbox 870 879 969 942; x_wconf 88' lang='lat' dir='ltr'>nimis</span> <span class='ocrx_word' id='word_1_40' title='bbox 989 879 1123 944; x_wconf 68' lang='lat' dir='ltr'>terrens</span> 
     </span>
     <span class='ocr_line' id='line_1_8' title="bbox 125 975 1124 1060; baseline 0.001 -18"><span class='ocrx_word' id='word_1_41' title='bbox 125 975 342 1060; x_wconf 81' lang='lat' dir='ltr'>desuescant3</span> <span class='ocrx_word' id='word_1_42' title='bbox 366 980 444 1060; x_wconf 83' lang='lat' dir='ltr'>quis</span> <span class='ocrx_word' id='word_1_43' title='bbox 467 977 683 1042; x_wconf 87' lang='lat' dir='ltr'>intentionem</span> <span class='ocrx_word' id='word_1_44' title='bbox 706 999 800 1042; x_wconf 82' lang='lat' dir='ltr'>suom</span> <span class='ocrx_word' id='word_1_45' title='bbox 826 975 901 1042; x_wconf 90' lang='lat' dir='ltr'>dum</span> <span class='ocrx_word' id='word_1_46' title='bbox 917 975 1124 1043; x_wconf 79' lang='lat' dir='ltr'>rebus-tran·</span> 
     </span>
     <span class='ocr_line' id='line_1_9' title="bbox 125 1062 1123 1162; baseline -0.003 -19"><span class='ocrx_word' id='word_1_47' title='bbox 125 1076 251 1144; x_wconf 84' lang='lat' dir='ltr'>sitoriis</span> <span class='ocrx_word' id='word_1_48' title='bbox 279 1075 527 1141; x_wconf 79' lang='lat' dir='ltr'><strong>immoderatius</strong></span> <span class='ocrx_word' id='word_1_49' title='bbox 559 1075 748 1162; x_wconf 85' lang='lat' dir='ltr'>implicant,</span> <span class='ocrx_word' id='word_1_50' title='bbox 770 1062 912 1158; x_wconf 46' lang='lat' dir='ltr'>&#39;quibus</span> <span class='ocrx_word' id='word_1_51' title='bbox 950 1075 1123 1162; x_wconf 81' lang='lat' dir='ltr'>culparum</span> 
     </span>
     <span class='ocr_line' id='line_1_10' title="bbox 117 1173 1121 1264; baseline 0 -24"><span class='ocrx_word' id='word_1_52' title='bbox 117 1174 247 1264; x_wconf 82' lang='lat' dir='ltr'>jaculis</span> <span class='ocrx_word' id='word_1_53' title='bbox 275 1175 536 1260; x_wconf 80' lang='lat' dir='ltr'>transfigantur,</span> <span class='ocrx_word' id='word_1_54' title='bbox 570 1176 736 1259; x_wconf 84' lang='lat' dir='ltr'>ignorant.</span> <span class='ocrx_word' id='word_1_55' title='bbox 787 1174 886 1240; x_wconf 88' lang='lat' dir='ltr'>Unde</span> <span class='ocrx_word' id='word_1_56' title='bbox 916 1185 957 1241; x_wconf 89' lang='lat' dir='ltr'>et·</span> <span class='ocrx_word' id='word_1_57' title='bbox 975 1197 1037 1262; x_wconf 86' lang='lat' dir='ltr'>per</span> <span class='ocrx_word' id='word_1_58' title='bbox 1061 1173 1121 1240; x_wconf 73' lang='lat' dir='ltr'>Sa·</span> 
     </span>
     <span class='ocr_line' id='line_1_11' title="bbox 121 1273 1122 1362; baseline -0.001 -23"><span class='ocrx_word' id='word_1_59' title='bbox 121 1274 286 1340; x_wconf 88' lang='lat' dir='ltr'>lomonem</span> <span class='ocrx_word' id='word_1_60' title='bbox 333 1297 400 1340; x_wconf 86' lang='lat' dir='ltr'>vox</span> <span class='ocrx_word' id='word_1_61' title='bbox 438 1273 593 1360; x_wconf 76' lang='lat' dir='ltr'>percussi</span> <span class='ocrx_word' id='word_1_62' title='bbox 644 1284 678 1339; x_wconf 88' lang='lat' dir='ltr'>et</span> <span class='ocrx_word' id='word_1_63' title='bbox 725 1273 918 1340; x_wconf 87' lang='lat' dir='ltr'>dormientis</span> <span class='ocrx_word' id='word_1_64' title='bbox 965 1275 1122 1362; x_wconf 87' lang='lat' dir='ltr'>exprimi·</span> 
     </span>
     <span class='ocr_line' id='line_1_12' title="bbox 123 1371 1123 1457; baseline 0.001 -18"><span class='ocrx_word' id='word_1_65' title='bbox 123 1381 197 1452; x_wconf 88' lang='lat' dir='ltr'>tur,</span> <span class='ocrx_word' id='word_1_66' title='bbox 234 1375 291 1456; x_wconf 90' lang='lat' dir='ltr'>qui</span> <span class='ocrx_word' id='word_1_67' title='bbox 321 1373 382 1439; x_wconf 83' lang='lat' dir='ltr'>ait:</span> <span class='ocrx_word' id='word_1_68' title='bbox 429 1371 783 1446; x_wconf 79' lang='lat' dir='ltr'>Verbersverunt</span> <span class='ocrx_word' id='word_1_69' title='bbox 826 1387 908 1457; x_wconf 89' lang='lat' dir='ltr'>me,</span> <span class='ocrx_word' id='word_1_70' title='bbox 942 1374 1123 1440; x_wconf 89' lang='lat' dir='ltr'>sednon</span> 
     </span>
     <span class='ocr_line' id='line_1_13' title="bbox 9 1471 1121 1558; baseline -0.002 -18"><span class='ocrx_word' id='word_1_71' title='bbox 9 1476 10 1480; x_wconf 70' lang='grc'>’</span> <span class='ocrx_word' id='word_1_72' title='bbox 122 1471 258 1556; x_wconf 80' lang='lat' dir='ltr'>dolui3</span> <span class='ocrx_word' id='word_1_73' title='bbox 293 1481 523 1540; x_wconf 87' lang='lat' dir='ltr'>traxerunt</span> <span class='ocrx_word' id='word_1_74' title='bbox 561 1494 643 1556; x_wconf 90' lang='lat' dir='ltr'>mc,</span> <span class='ocrx_word' id='word_1_75' title='bbox 680 1483 720 1538; x_wconf 90' lang='lat' dir='ltr'>et</span> <span class='ocrx_word' id='word_1_76' title='bbox 761 1495 839 1558; x_wconf 81' lang='lat' dir='ltr'>ego</span> <span class='ocrx_word' id='word_1_77' title='bbox 879 1495 959 1540; x_wconf 87' lang='lat' dir='ltr'>non</span> <span class='ocrx_word' id='word_1_78' title='bbox 996 1471 1121 1538; x_wconf 88' lang='lat' dir='ltr'>sensi.</span> 
     </span>
     <span class='ocr_line' id='line_1_14' title="bbox 126 1569 1121 1658; baseline 0.002 -23"><span class='ocrx_word' id='word_1_79' title='bbox 126 1569 301 1651; x_wconf 82' lang='lat' dir='ltr'><strong>Quando</strong></span> <span class='ocrx_word' id='word_1_80' title='bbox 331 1570 571 1654; x_wconf 83' lang='lat' dir='ltr'>evigilabo,</span> <span class='ocrx_word' id='word_1_81' title='bbox 610 1582 650 1637; x_wconf 89' lang='lat' dir='ltr'>et</span> <span class='ocrx_word' id='word_1_82' title='bbox 679 1594 845 1638; x_wconf 88' lang='lat' dir='ltr'>rursum</span> <span class='ocrx_word' id='word_1_83' title='bbox 874 1573 972 1638; x_wconf 84' lang='lat' dir='ltr'>vina</span> <span class='ocrx_word' id='word_1_84' title='bbox 1005 1592 1121 1658; x_wconf 85' lang='lat' dir='ltr'>repe-</span> 
     </span>
     <span class='ocr_line' id='line_1_15' title="bbox 121 1667 1121 1758; baseline 0.002 -22"><span class='ocrx_word' id='word_1_85' title='bbox 121 1669 252 1736; x_wconf 81' lang='lat' dir='ltr'>riam?</span> <span class='ocrx_word' id='word_1_86' title='bbox 273 1667 297 1756; x_wconf 91' lang='lat'>¹)</span> <span class='ocrx_word' id='word_1_87' title='bbox 341 1671 439 1736; x_wconf 87' lang='lat' dir='ltr'>Mens</span> <span class='ocrx_word' id='word_1_88' title='bbox 466 1673 591 1758; x_wconf 83' lang='lat' dir='ltr'>quippe</span> <span class='ocrx_word' id='word_1_89' title='bbox 621 1695 642 1736; x_wconf 83' lang='lat' dir='ltr'>a</span> <span class='ocrx_word' id='word_1_90' title='bbox 669 1693 752 1736; x_wconf 80' lang='lat' dir='ltr'>cura</span> <span class='ocrx_word' id='word_1_91' title='bbox 780 1695 860 1737; x_wconf 85' lang='lat' dir='ltr'>suae</span> <span class='ocrx_word' id='word_1_92' title='bbox 890 1669 1121 1738; x_wconf 76' lang='lat' dir='ltr'>sollicitudinis</span> 
     </span>
     <span class='ocr_line' id='line_1_16' title="bbox 121 1769 1121 1858; baseline -0.002 -22"><span class='ocrx_word' id='word_1_93' title='bbox 121 1769 292 1836; x_wconf 88' lang='lat' dir='ltr'>dormiens</span> <span class='ocrx_word' id='word_1_94' title='bbox 313 1769 511 1836; x_wconf 84' lang='lat' dir='ltr'>verberatur</span> <span class='ocrx_word' id='word_1_95' title='bbox 533 1781 567 1856; x_wconf 89' lang='lat' dir='ltr'>et</span> <span class='ocrx_word' id='word_1_96' title='bbox 586 1794 654 1837; x_wconf 88' lang='lat' dir='ltr'>non</span> <span class='ocrx_word' id='word_1_97' title='bbox 676 1772 779 1855; x_wconf 90' lang='lat' dir='ltr'>dolet,</span> <span class='ocrx_word' id='word_1_98' title='bbox 810 1771 890 1858; x_wconf 81' lang='lat' dir='ltr'>quia</span> <span class='ocrx_word' id='word_1_99' title='bbox 912 1771 998 1834; x_wconf 85' lang='lat' dir='ltr'>sicut</span> <span class='ocrx_word' id='word_1_100' title='bbox 1015 1769 1121 1834; x_wconf 88' lang='lat' dir='ltr'>immi·</span> 
     </span>
     <span class='ocr_line' id='line_1_17' title="bbox 123 1867 1121 1958; baseline -0.002 -24"><span class='ocrx_word' id='word_1_101' title='bbox 123 1871 243 1934; x_wconf 84' lang='lat' dir='ltr'>nentia</span> <span class='ocrx_word' id='word_1_102' title='bbox 264 1867 353 1933; x_wconf 84' lang='lat' dir='ltr'>mala</span> <span class='ocrx_word' id='word_1_103' title='bbox 373 1890 440 1935; x_wconf 91' lang='lat' dir='ltr'>non</span> <span class='ocrx_word' id='word_1_104' title='bbox 462 1871 640 1958; x_wconf 86' lang='lat' dir='ltr'>prospicit,</span> <span class='ocrx_word' id='word_1_105' title='bbox 671 1873 718 1937; x_wconf 90' lang='lat' dir='ltr'>sic</span> <span class='ocrx_word' id='word_1_106' title='bbox 745 1892 807 1935; x_wconf 92' lang='lat' dir='ltr'>nec</span> <span class='ocrx_word' id='word_1_107' title='bbox 840 1891 927 1956; x_wconf 80' lang='lat' dir='ltr'>quse</span> <span class='ocrx_word' id='word_1_108' title='bbox 950 1877 1121 1956; x_wconf 77' lang='lat' dir='ltr'>perpetra·</span> 
     </span>
     <span class='ocr_line' id='line_1_18' title="bbox 125 1967 1120 2056; baseline 0.001 -24"><span class='ocrx_word' id='word_1_109' title='bbox 125 1971 213 2034; x_wconf 84' lang='lat' dir='ltr'>verit</span> <span class='ocrx_word' id='word_1_110' title='bbox 251 1969 410 2054; x_wconf 84' lang='lat' dir='ltr'>agnoseit</span> <span class='ocrx_word' id='word_1_111' title='bbox 469 1967 650 2053; x_wconf 80' lang='lat' dir='ltr'>Trahitur,</span> <span class='ocrx_word' id='word_1_112' title='bbox 692 1980 724 2035; x_wconf 91' lang='lat' dir='ltr'>et</span> <span class='ocrx_word' id='word_1_113' title='bbox 755 1991 972 2056; x_wconf 77' lang='lat' dir='ltr'>nequaquam</span> <span class='ocrx_word' id='word_1_114' title='bbox 1008 1967 1120 2050; x_wconf 85' lang='lat' dir='ltr'>sentit,</span> 
     </span>
     <span class='ocr_line' id='line_1_19' title="bbox 127 2065 1123 2154; baseline 0 -22"><span class='ocrx_word' id='word_1_115' title='bbox 127 2069 208 2154; x_wconf 82' lang='lat' dir='ltr'>quia</span> <span class='ocrx_word' id='word_1_116' title='bbox 228 2087 289 2153; x_wconf 90' lang='lat' dir='ltr'>per</span> <span class='ocrx_word' id='word_1_117' title='bbox 310 2065 489 2133; x_wconf 79' lang='lat' dir='ltr'>illecebras</span> <span class='ocrx_word' id='word_1_118' title='bbox 512 2069 667 2134; x_wconf 83' lang='lat' dir='ltr'>vitiorum</span> <span class='ocrx_word' id='word_1_119' title='bbox 690 2065 840 2150; x_wconf 78' lang='lat' dir='ltr'>ducitur,</span> <span class='ocrx_word' id='word_1_120' title='bbox 864 2089 927 2132; x_wconf 87' lang='lat' dir='ltr'>nec</span> <span class='ocrx_word' id='word_1_121' title='bbox 946 2077 1059 2132; x_wconf 85' lang='lat' dir='ltr'>tamen</span> <span class='ocrx_word' id='word_1_122' title='bbox 1078 2065 1123 2132; x_wconf 80' lang='lat' dir='ltr'>ad</span> 
     </span>
     <span class='ocr_line' id='line_1_20' title="bbox 126 2164 1123 2254; baseline -0.004 -22"><span class='ocrx_word' id='word_1_123' title='bbox 126 2164 181 2232; x_wconf 87' lang='lat' dir='ltr'>sui</span> <span class='ocrx_word' id='word_1_124' title='bbox 206 2165 388 2232; x_wconf 83' lang='lat' dir='ltr'>custodiam</span> <span class='ocrx_word' id='word_1_125' title='bbox 425 2168 615 2233; x_wconf 82' lang='lat' dir='ltr'>suscitatur.</span> <span class='ocrx_word' id='word_1_126' title='bbox 667 2166 764 2248; x_wconf 78' lang='lat' dir='ltr'>Quae</span> <span class='ocrx_word' id='word_1_127' title='bbox 800 2165 932 2254; x_wconf 89' lang='lat' dir='ltr'>quidem</span> <span class='ocrx_word' id='word_1_128' title='bbox 961 2164 1123 2249; x_wconf 76' lang='lat' dir='ltr'>evigilare</span> 
     </span>
     <span class='ocr_line' id='line_1_21' title="bbox 124 2266 1121 2354; baseline 0 -24"><span class='ocrx_word' id='word_1_129' title='bbox 124 2272 235 2350; x_wconf 82' lang='lat' dir='ltr'>optat,</span> <span class='ocrx_word' id='word_1_130' title='bbox 258 2275 296 2330; x_wconf 92' lang='lat' dir='ltr'>ut</span> <span class='ocrx_word' id='word_1_131' title='bbox 317 2287 449 2330; x_wconf 88' lang='lat' dir='ltr'>rursum</span> <span class='ocrx_word' id='word_1_132' title='bbox 465 2266 546 2330; x_wconf 83' lang='lat' dir='ltr'>vina</span> <span class='ocrx_word' id='word_1_133' title='bbox 561 2267 722 2352; x_wconf 86' lang='lat' dir='ltr'>reperiat:</span> <span class='ocrx_word' id='word_1_134' title='bbox 744 2267 825 2353; x_wconf 80' lang='lat' dir='ltr'>quia</span> <span class='ocrx_word' id='word_1_135' title='bbox 841 2266 994 2354; x_wconf 83' lang='lat' dir='ltr'>quamvis</span> <span class='ocrx_word' id='word_1_136' title='bbox 1008 2282 1121 2337; x_wconf 86' lang='lat' dir='ltr'>somno</span> 
     </span>
     <span class='ocr_line' id='line_1_22' title="bbox 122 2359 1122 2452; baseline -0.004 -22"><span class='ocrx_word' id='word_1_137' title='bbox 122 2365 269 2450; x_wconf 84' lang='lat' dir='ltr'>torporis</span> <span class='ocrx_word' id='word_1_138' title='bbox 291 2365 387 2446; x_wconf 77' lang='lat' dir='ltr'>usui</span> <span class='ocrx_word' id='word_1_139' title='bbox 410 2364 560 2432; x_wconf 82' lang='lat' dir='ltr'>custodis</span> <span class='ocrx_word' id='word_1_140' title='bbox 582 2376 752 2452; x_wconf 84' lang='lat' dir='ltr'>prematur</span> <span class='ocrx_word' id='word_1_141' title='bbox 763 2414 773 2448; x_wconf 99' lang='lat'>,</span> <span class='ocrx_word' id='word_1_142' title='bbox 796 2363 940 2450; x_wconf 81' lang='lat' dir='ltr'>vigilare</span> <span class='ocrx_word' id='word_1_143' title='bbox 955 2359 1122 2430; x_wconf 82' lang='lat' dir='ltr'>tamenad</span> 
     </span>
     <span class='ocr_line' id='line_1_23' title="bbox 124 2461 1121 2553; baseline -0.002 -25"><span class='ocrx_word' id='word_1_144' title='bbox 124 2463 229 2528; x_wconf 90' lang='lat' dir='ltr'>seculi</span> <span class='ocrx_word' id='word_1_145' title='bbox 251 2487 348 2531; x_wconf 85' lang='lat' dir='ltr'>ouras</span> <span class='ocrx_word' id='word_1_146' title='bbox 369 2465 507 2548; x_wconf 89' lang='lat' dir='ltr'>nititur,</span> <span class='ocrx_word' id='word_1_147' title='bbox 533 2477 571 2532; x_wconf 89' lang='lat' dir='ltr'>ut</span> <span class='ocrx_word' id='word_1_148' title='bbox 593 2488 723 2553; x_wconf 88' lang='lat' dir='ltr'>semper</span> <span class='ocrx_word' id='word_1_149' title='bbox 744 2463 975 2552; x_wconf 86' lang='lat' dir='ltr'>voluptatibus</span> <span class='ocrx_word' id='word_1_150' title='bbox 991 2461 1121 2527; x_wconf 86' lang='lat' dir='ltr'>debrie-</span> 
     </span>
     <span class='ocr_line' id='line_1_24' title="bbox 123 2561 1122 2652; baseline 0 -26"><span class='ocrx_word' id='word_1_151' title='bbox 123 2572 196 2645; x_wconf 85' lang='lat' dir='ltr'>tur,</span> <span class='ocrx_word' id='word_1_152' title='bbox 220 2572 253 2627; x_wconf 86' lang='lat' dir='ltr'>et</span> <span class='ocrx_word' id='word_1_153' title='bbox 274 2562 413 2628; x_wconf 85' lang='lat' dir='ltr'>eumad</span> <span class='ocrx_word' id='word_1_154' title='bbox 436 2562 521 2628; x_wconf 89' lang='lat' dir='ltr'>illud</span> <span class='ocrx_word' id='word_1_155' title='bbox 545 2565 706 2649; x_wconf 84' lang='lat' dir='ltr'>dormiat,</span> <span class='ocrx_word' id='word_1_156' title='bbox 732 2561 856 2652; x_wconf 87' lang='lat' dir='ltr'>inquo</span> <span class='ocrx_word' id='word_1_157' title='bbox 881 2563 1017 2631; x_wconf 84' lang='lat' dir='ltr'>solerter</span> <span class='ocrx_word' id='word_1_158' title='bbox 1037 2561 1122 2648; x_wconf 84' lang='lat' dir='ltr'>vigi·</span> 
     </span>
     <span class='ocr_line' id='line_1_25' title="bbox 122 2659 1121 2750; baseline 0.005 -26"><span class='ocrx_word' id='word_1_159' title='bbox 122 2659 194 2724; x_wconf 81' lang='lat' dir='ltr'>lars</span> <span class='ocrx_word' id='word_1_160' title='bbox 216 2659 394 2746; x_wconf 84' lang='lat' dir='ltr'>debuerat,</span> <span class='ocrx_word' id='word_1_161' title='bbox 428 2661 471 2729; x_wconf 83' lang='lat' dir='ltr'>ad</span> <span class='ocrx_word' id='word_1_162' title='bbox 496 2661 588 2728; x_wconf 85' lang='lat' dir='ltr'>aliud</span> <span class='ocrx_word' id='word_1_163' title='bbox 610 2664 754 2748; x_wconf 83' lang='lat' dir='ltr'>vigilare</span> <span class='ocrx_word' id='word_1_164' title='bbox 777 2664 923 2750; x_wconf 83' lang='lat' dir='ltr'>appetit,</span> <span class='ocrx_word' id='word_1_165' title='bbox 958 2660 1002 2728; x_wconf 83' lang='lat' dir='ltr'>ad</span> <span class='ocrx_word' id='word_1_166' title='bbox 1017 2681 1019 2686; x_wconf 89' lang='lat'>·</span> <span class='ocrx_word' id='word_1_167' title='bbox 1032 2662 1121 2749; x_wconf 93' lang='lat' dir='ltr'>quod</span> 
     </span>
     <span class='ocr_line' id='line_1_26' title="bbox 123 2757 1121 2849; baseline 0 -25"><span class='ocrx_word' id='word_1_168' title='bbox 123 2757 345 2826; x_wconf 79' lang='lat' dir='ltr'>laudabiliter</span> <span class='ocrx_word' id='word_1_169' title='bbox 367 2761 510 2828; x_wconf 91' lang='lat' dir='ltr'>dormire</span> <span class='ocrx_word' id='word_1_170' title='bbox 532 2764 704 2848; x_wconf 84' lang='lat' dir='ltr'>potuisset</span> <span class='ocrx_word' id='word_1_171' title='bbox 747 2762 836 2828; x_wconf 90' lang='lat' dir='ltr'>Hinc</span> <span class='ocrx_word' id='word_1_172' title='bbox 858 2763 1013 2849; x_wconf 87' lang='lat' dir='ltr'>superius</span> <span class='ocrx_word' id='word_1_173' title='bbox 1042 2761 1121 2846; x_wconf 87' lang='lat' dir='ltr'>scri·</span> 
     </span>
     <span class='ocr_line' id='line_1_27' title="bbox 120 2858 1120 2947; baseline 0.006 -25"><span class='ocrx_word' id='word_1_174' title='bbox 120 2868 216 2946; x_wconf 86' lang='lat' dir='ltr'>ptum</span> <span class='ocrx_word' id='word_1_175' title='bbox 239 2867 305 2924; x_wconf 87' lang='lat' dir='ltr'>est:</span> <span class='ocrx_word' id='word_1_176' title='bbox 336 2859 387 2925; x_wconf 84' lang='lat' dir='ltr'>Et</span> <span class='ocrx_word' id='word_1_177' title='bbox 410 2861 504 2926; x_wconf 87' lang='lat' dir='ltr'>eris</span> <span class='ocrx_word' id='word_1_178' title='bbox 528 2863 660 2947; x_wconf 85' lang='lat' dir='ltr'>quasi</span> <span class='ocrx_word' id='word_1_179' title='bbox 683 2863 898 2926; x_wconf 87' lang='lat' dir='ltr'>dormiens</span> <span class='ocrx_word' id='word_1_180' title='bbox 920 2861 962 2926; x_wconf 93' lang='lat' dir='ltr'>in</span> <span class='ocrx_word' id='word_1_181' title='bbox 984 2858 1120 2928; x_wconf 88' lang='lat' dir='ltr'>medio</span> 
     </span>
     <span class='ocr_line' id='line_1_28' title="bbox 121 2957 1121 3044; baseline 0.003 -23"><span class='ocrx_word' id='word_1_182' title='bbox 121 2959 250 3038; x_wconf 81' lang='lat' dir='ltr'>mari,</span> <span class='ocrx_word' id='word_1_183' title='bbox 273 2965 314 3021; x_wconf 86' lang='lat' dir='ltr'>et</span> <span class='ocrx_word' id='word_1_184' title='bbox 337 2961 457 3044; x_wconf 84' lang='lat' dir='ltr'>quasi</span> <span class='ocrx_word' id='word_1_185' title='bbox 480 2959 646 3040; x_wconf 89' lang='lat' dir='ltr'>sopitus</span> <span class='ocrx_word' id='word_1_186' title='bbox 667 2957 943 3043; x_wconf 83' lang='lat' dir='ltr'>gubernator</span> <span class='ocrx_word' id='word_1_187' title='bbox 964 2958 1121 3024; x_wconf 80' lang='lat' dir='ltr'>amisso</span> 
     </span>
    </p>
   </div>
   <div class='ocr_carea' id='block_1_3' title="bbox 91 3052 1165 3545">
    <p class='ocr_par' dir='ltr' id='par_1_3' title="bbox 120 3052 1122 3339">
     <span class='ocr_line' id='line_1_29' title="bbox 122 3052 1122 3144; baseline 0.006 -26"><span class='ocrx_word' id='word_1_188' title='bbox 122 3054 251 3120; x_wconf 83' lang='lat' dir='ltr'>clavo.</span> <span class='ocrx_word' id='word_1_189' title='bbox 269 3055 297 3143; x_wconf 82' lang='lat'>²)</span> <span class='ocrx_word' id='word_1_190' title='bbox 339 3057 381 3120; x_wconf 89' lang='lat' dir='ltr'>In</span> <span class='ocrx_word' id='word_1_191' title='bbox 402 3056 510 3121; x_wconf 86' lang='lat' dir='ltr'>medio</span> <span class='ocrx_word' id='word_1_192' title='bbox 534 3055 622 3120; x_wconf 90' lang='lat' dir='ltr'>enim</span> <span class='ocrx_word' id='word_1_193' title='bbox 637 3055 722 3120; x_wconf 80' lang='lat' dir='ltr'>mari</span> <span class='ocrx_word' id='word_1_194' title='bbox 740 3055 870 3138; x_wconf 85' lang='lat' dir='ltr'>dormit,</span> <span class='ocrx_word' id='word_1_195' title='bbox 894 3055 1000 3143; x_wconf 89' lang='lat' dir='ltr'>quiin</span> <span class='ocrx_word' id='word_1_196' title='bbox 1018 3052 1122 3144; x_wconf 83' lang='lat' dir='ltr'>hujus</span> 
     </span>
     <span class='ocr_line' id='line_1_30' title="bbox 120 3153 1120 3241; baseline 0.002 -23"><span class='ocrx_word' id='word_1_197' title='bbox 120 3153 240 3218; x_wconf 86' lang='lat' dir='ltr'>mundi</span> <span class='ocrx_word' id='word_1_198' title='bbox 260 3153 499 3219; x_wconf 87' lang='lat' dir='ltr'>tentationibus</span> <span class='ocrx_word' id='word_1_199' title='bbox 521 3154 650 3240; x_wconf 86' lang='lat' dir='ltr'>positus</span> <span class='ocrx_word' id='word_1_200' title='bbox 671 3154 848 3241; x_wconf 89' lang='lat' dir='ltr'>providere</span> <span class='ocrx_word' id='word_1_201' title='bbox 868 3163 976 3220; x_wconf 88' lang='lat' dir='ltr'>motus</span> <span class='ocrx_word' id='word_1_202' title='bbox 992 3156 1120 3221; x_wconf 88' lang='lat' dir='ltr'>irruen-</span> 
     </span>
     <span class='ocr_line' id='line_1_31' title="bbox 121 3251 1122 3339; baseline 0.007 -23"><span class='ocrx_word' id='word_1_203' title='bbox 121 3253 206 3316; x_wconf 87' lang='lat' dir='ltr'>tium</span> <span class='ocrx_word' id='word_1_204' title='bbox 225 3253 384 3318; x_wconf 83' lang='lat' dir='ltr'>vitiorum</span> <span class='ocrx_word' id='word_1_205' title='bbox 406 3255 505 3339; x_wconf 85' lang='lat' dir='ltr'>quasi</span> <span class='ocrx_word' id='word_1_206' title='bbox 536 3253 748 3320; x_wconf 85' lang='lat' dir='ltr'>imminentes</span> <span class='ocrx_word' id='word_1_207' title='bbox 778 3251 946 3319; x_wconf 85' lang='lat' dir='ltr'>undarum</span> <span class='ocrx_word' id='word_1_208' title='bbox 974 3253 1122 3322; x_wconf 79' lang='lat' dir='ltr'>cumulos</span> 
     </span>
    </p>

    <p class='ocr_par' dir='ltr' id='par_1_4' title="bbox 91 3343 1165 3545">
     <span class='ocr_line' id='line_1_32' title="bbox 91 3343 1121 3440; baseline 0.006 -26"><span class='ocrx_word' id='word_1_209' title='bbox 91 3357 95 3366; x_wconf 88' lang='lat'>&#39;</span> <span class='ocrx_word' id='word_1_210' title='bbox 121 3348 277 3434; x_wconf 79' lang='lat' dir='ltr'>negligit.</span> <span class='ocrx_word' id='word_1_211' title='bbox 305 3351 351 3416; x_wconf 86' lang='lat' dir='ltr'>Et</span> <span class='ocrx_word' id='word_1_212' title='bbox 359 3351 457 3437; x_wconf 83' lang='lat' dir='ltr'>quasi</span> <span class='ocrx_word' id='word_1_213' title='bbox 467 3349 600 3418; x_wconf 83' lang='lat' dir='ltr'>olavum</span> <span class='ocrx_word' id='word_1_214' title='bbox 615 3343 822 3437; x_wconf 78' lang='lat' dir='ltr'>gubernator</span> <span class='ocrx_word' id='word_1_215' title='bbox 835 3353 969 3437; x_wconf 81' lang='lat' dir='ltr'>amittit,</span> <span class='ocrx_word' id='word_1_216' title='bbox 988 3352 1121 3440; x_wconf 83' lang='lat' dir='ltr'>quando</span> 
     </span>
     <span class='ocr_line' id='line_1_33' title="bbox 121 3447 1165 3545; baseline 0.004 -31"><span class='ocrx_word' id='word_1_217' title='bbox 121 3465 218 3514; x_wconf 83' lang='lat' dir='ltr'>mens</span> <span class='ocrx_word' id='word_1_218' title='bbox 240 3447 284 3514; x_wconf 80' lang='lat' dir='ltr'>&#39;sd</span> <span class='ocrx_word' id='word_1_219' title='bbox 312 3447 493 3533; x_wconf 82' lang='lat' dir='ltr'>regendam</span> <span class='ocrx_word' id='word_1_220' title='bbox 516 3470 638 3516; x_wconf 81' lang='lat' dir='ltr'>navem</span> <span class='ocrx_word' id='word_1_221' title='bbox 660 3453 807 3537; x_wconf 88' lang='lat' dir='ltr'>eorporis</span> <span class='ocrx_word' id='word_1_222' title='bbox 830 3450 975 3518; x_wconf 89' lang='lat' dir='ltr'>studium</span> <span class='ocrx_word' id='word_1_223' title='bbox 998 3451 1119 3518; x_wconf 87' lang='lat' dir='ltr'>sollici·</span> <span class='ocrx_word' id='word_1_224' title='bbox 1160 3539 1165 3545; x_wconf 24' lang='grc' dir='ltr'>ι</span> 
     </span>
    </p>
   </div>
   <div class='ocr_carea' id='block_1_4' title="bbox 155 3665 867 3820">
    <p class='ocr_par' dir='ltr' id='par_1_5' title="bbox 155 3665 867 3820">
     <span class='ocr_line' id='line_1_34' title="bbox 155 3665 867 3820; baseline 0.01 -99"><span class='ocrx_word' id='word_1_225' title='bbox 155 3665 180 3734; x_wconf 83' lang='lat'>¹)</span> <span class='ocrx_word' id='word_1_226' title='bbox 196 3668 273 3726; x_wconf 82' lang='lat' dir='ltr'>Pror,</span> <span class='ocrx_word' id='word_1_227' title='bbox 289 3667 332 3739; x_wconf 69' lang='lat' dir='ltr'>ts</span> <span class='ocrx_word' id='word_1_228' title='bbox 351 3667 392 3724; x_wconf 69' lang='grc' dir='ltr'>δῦ.</span> <span class='ocrx_word' id='word_1_229' title='bbox 412 3697 443 3710; x_wconf 93' lang='lat'>-</span> <span class='ocrx_word' id='word_1_230' title='bbox 463 3667 483 3735; x_wconf 78' lang='lat'>²)</span> <span class='ocrx_word' id='word_1_231' title='bbox 501 3669 577 3724; x_wconf 81' lang='lat' dir='ltr'>Prov.</span> <span class='ocrx_word' id='word_1_232' title='bbox 596 3669 639 3740; x_wconf 78' lang='lat'>23,</span> <span class='ocrx_word' id='word_1_233' title='bbox 657 3670 700 3727; x_wconf 74' lang='lat'>34.</span> <span class='ocrx_word' id='word_1_234' title='bbox 810 3753 867 3820; x_wconf 47' lang='grc'>9,</span> 
     </span>
    </p>
   </div>
   <div class='ocr_carea' id='block_1_5' title="bbox 0 0 1264 4152">
    <p class='ocr_par' dir='ltr' id='par_1_6' title="bbox 0 0 1264 4152">
     <span class='ocr_line' id='line_1_35' title="bbox 0 0 1264 4152; baseline 0 0"><span class='ocrx_word' id='word_1_235' title='bbox 0 0 1264 4152; x_wconf 95' lang='lat' dir='ltr'> </span> 
     </span>
    </p>
   </div>
  </div>
 </body>
</html>
