2554 4172
539 210 765 282 ...104-

156 375 323 450 emtores.
356 375 419 445 Est
430 385 542 444 sutem
560 377 702 463 speciale
714 377 894 464 duplicium
908 374 1047 459 melum
1063 379 1155 464 'quis

154 475 232 544 dum
267 495 425 556 perverse
455 487 488 541 et
522 475 652 565 duplici
682 480 814 546 actione
832 497 834 504 ’
852 489 985 544 ceteros
1011 477 1155 556 fallunt,

156 577 253 660 quusi
277 577 639 660 praestantiusceteris
653 577 835 664 prudentes
851 599 885 642 se
909 599 981 642 csse
1003 576 1152 660 glorian-

153 678 223 755 tur3
254 683 287 738 et
314 676 394 760 quis
422 676 659 742 districtionem
689 677 920 743 retributionis
947 699 1013 742 non
1040 679 1151 744 nonsit

154 771 290 855 derant,
323 773 363 840 de
394 775 525 840 demnis
548 777 617 842 suis
647 776 761 843 miseri
788 775 953 842 exultent
1001 774 1153 842 Audient

153 881 277 954 sutem,
300 872 461 959 quomodo
485 897 586 962 super
607 873 1057 962 illospropbetuSopbonias
1080 876 1152 940 vim
1261 905 1262 910 ¹

154 971 289 1044 divinae
324 973 622 1041 animadversionis
659 975 829 1057 intendet,
862 973 995 1040 dicens:
1036 974 1150 1038 Ecce

155 1069 254 1136 dies
275 1071 446 1140 Domini
472 1076 592 1140 veuit
621 1097 800 1160 magnus
831 1083 871 1138 et
898 1071 1148 1154 horribilis,

154 1169 244 1234 dies
267 1173 370 1253 irae,
393 1171 484 1239 dies
505 1173 598 1256 ills,
621 1175 709 1239 dies
731 1175 1001 1239 tenebrarum
1023 1182 1063 1237 et
1085 1194 1148 1237 ce-

153 1268 324 1354 liginis,
351 1271 446 1336 ,dies
474 1273 660 1338 nebulae
683 1279 716 1336 et
737 1272 946 1352 turbinis,
976 1272 1066 1336 dies
1088 1283 1147 1337 tu-

152 1366 227 1433 bae
250 1380 290 1433 et
312 1369 525 1456 clangoris
547 1394 674 1458 super
695 1395 828 1437 omnes
850 1373 1148 1438 civitatesmu-

152 1470 285 1552 nites,
316 1481 356 1536 et
379 1491 661 1557 superemines
690 1469 873 1554 angulos
896 1469 1103 1536 excelsos.
1121 1470 1146 1556 ¹)

153 1566 245 1647 Quid
274 1570 360 1634 enim
389 1591 448 1652 per
477 1571 631 1636 civitates
659 1572 802 1636 munitas
836 1571 1049 1657 exprimitur,
1081 1573 1147 1636 nisi

153 1680 328 1752 suspectae
350 1680 477 1736 mentes
506 1679 540 1735 et
565 1669 677 1737 fallaci
706 1693 835 1757 semper
863 1670 1054 1736 defensione
1082 1674 1146 1736 cir·

153 1765 346 1849 cnmdatae,
382 1791 489 1855 quae,
519 1771 649 1854 quoties
681 1792 796 1834 earum
832 1769 929 1857 culpa
958 1772 1146 1856 corripitur,

151 1867 302 1932 veritatis
325 1866 368 1932 sd
390 1891 425 1934 se
441 1868 557 1954 jacula
577 1891 644 1936 non
667 1870 874 1936 admittunt?
917 1869 961 1934 Et
984 1869 1064 1955 quid
1086 1893 1145 1957 per

151 1964 301 2032 excelsos
324 1967 467 2051 angulos
490 1965 633 2055 (duplex
654 1970 779 2055 quippe
802 1990 933 2056 semper
955 1979 1005 2032 est
1028 1972 1062 2034 in
1085 1991 1144 2034 sn·

151 2062 238 2148 gulis
267 2067 394 2152 peries)
427 2067 492 2132 nisi
525 2070 657 2155 impure
687 2068 789 2134 corde
822 2069 1020 2153 signantur?
1056 2091 1142 2152 quae
1263 2125 1264 2148 ,

150 2161 228 2228 dum
256 2167 409 2233 veritatis
442 2166 689 2254 simplicitatem
710 2168 863 2252 fugiunt,
897 2167 940 2233 ud
962 2167 1139 2250 semetipse

150 2263 390 2348 quodammodo
413 2265 616 2351 duplicitatis
637 2267 856 2354 perversitate
869 2266 1082 2351 replicentur,
1104 2273 1139 2327 et

150 2363 239 2448 quod
261 2374 310 2430 est
332 2365 497 2448 deterius,
526 2366 617 2454 apud
643 2366 863 2450 cogitationes
893 2386 969 2430 suus
990 2364 1026 2426 in
1046 2361 1140 2428 fastu

148 2460 346 2547 prudentiae
374 2487 417 2528 ex
447 2467 578 2551 ipsese
610 2465 710 2551 culpe
737 2464 939 2549 impuritatis
968 2461 1139 2528 extollunt

149 2560 234 2624 Dies
257 2561 360 2646 igitur
371 2562 507 2628 Domini
528 2565 697 2629 vindictae
715 2574 818 2650 atque
841 2562 1141 2629 animadversionis

147 2657 250 2748 plens
272 2684 372 2747 super
386 2665 540 2728 civitates
567 2665 712 2730 munitas
735 2675 769 2728 et
790 2685 891 2750 super
913 2661 1060 2728 excelsos
1082 2683 1144 2726 ana

148 2758 247 2846 gulos
269 2764 372 2844 venit,
396 2764 475 2847 quis
498 2764 550 2828 irs
572 2764 712 2828 extremi
728 2763 849 2850 judicii
870 2761 1017 2830 humane
1041 2759 1144 2827 corde

149 2868 182 2923 et
202 2859 451 2928 defensionibus
465 2872 581 2928 eontra
604 2863 779 2929 veritatem
796 2863 914 2928 clause
935 2861 1087 2936 destruit,
1110 2869 1143 2924 et

148 2956 402 3046 duplicitatibus
415 2962 743 3030 inuolutsdissolvit.
788 2961 980 3026 Tunceuim
992 2961 1145 3033 munitae

148 3058 301 3125 civitates
316 3059 452 3142 cudunt,
477 3063 557 3148 quia
569 3071 696 3128 mentes
709 3062 782 3127 Deo
798 3062 1038 3148 impenetratae
1050 3057 1147 3128 dam.

147 3154 329 3224 nubuntur.
340 3157 367 3243 ²)
405 3159 500 3226 Tunc
513 3161 638 3228 excelsi
653 3160 768 3246 anguli
780 3169 950 3238 corruunt,
972 3159 1052 3246 quis
1069 3180 1146 3226 cor-¹

147 3254 201 3340 dt,
224 3279 370 3344 quaese
391 3282 452 3346 per
467 3261 672 3350 impuritatis
684 3259 895 3342 prudentium
909 3261 1058 3343 erigunt,
1081 3276 1143 3342 per

147 3357 297 3436 iustitiae
319 3359 519 3428 centenum
538 3367 806 3447 prosternuntur.

303 3489 428 3517 -s-—wh

184 3565 207 3634 ¹)
225 3565 306 3636 Sopb.
325 3566 348 3634 1,
370 3569 411 3622 14.
430 3568 471 3622 15.
489 3597 523 3610 -
541 3567 562 3631 ¹)
580 3569 644 3624 Alit
664 3572 800 3638 suspectus
817 3525 980 3619 damnantur.
1029 3601 1032 3612 ,
