<?xml version="1.0" encoding="UTF-8"?>
<!DOCTYPE html PUBLIC "-//W3C//DTD XHTML 1.0 Transitional//EN"
    "http://www.w3.org/TR/xhtml1/DTD/xhtml1-transitional.dtd">
<html xmlns="http://www.w3.org/1999/xhtml" xml:lang="en" lang="en">
 <head>
  <title>
</title>
<meta http-equiv="Content-Type" content="text/html;charset=utf-8" />
  <meta name='ocr-system' content='tesseract 3.04.00' />
  <meta name='ocr-capabilities' content='ocr_page ocr_carea ocr_par ocr_line ocrx_word'/>
</head>
<body>
  <div class='ocr_page' id='page_1' title='image "./sgregoriipapaei00westgoog_0126.png"; bbox 0 0 2554 4172; ppageno 0'>
   <div class='ocr_carea' id='block_1_1' title="bbox 526 187 750 256">
    <p class='ocr_par' dir='ltr' id='par_1_1' title="bbox 526 131 750 256">
     <span class='ocr_line' id='line_1_1' title="bbox 526 187 750 256; baseline 0.009 -2"><span class='ocrx_word' id='word_1_1' title='bbox 526 187 750 256; x_wconf 45' lang='lat'>4105.-</span> 
     </span>
    </p>
   </div>
   <div class='ocr_carea' id='block_1_2' title="bbox 309 370 811 456">
    <p class='ocr_par' dir='ltr' id='par_1_2' title="bbox 309 370 811 456">
     <span class='ocr_line' id='line_1_2' title="bbox 309 370 811 456; baseline -0.014 -18"><span class='ocrx_word' id='word_1_2' title='bbox 309 370 811 456; x_wconf 71' lang='lat' dir='ltr'>„-=csrurxn</span> 
     </span>
    </p>
   </div>
   <div class='ocr_carea' id='block_1_3' title="bbox 171 501 1094 578">
    <p class='ocr_par' dir='ltr' id='par_1_3' title="bbox 171 501 1094 578">
     <span class='ocr_line' id='line_1_3' title="bbox 171 501 1094 578; baseline -0.001 -19"><span class='ocrx_word' id='word_1_3' title='bbox 171 509 345 578; x_wconf 82' lang='lat' dir='ltr'><strong>Quomodo</strong></span> <span class='ocrx_word' id='word_1_4' title='bbox 372 504 588 559; x_wconf 83' lang='lat' dir='ltr'>admouendi</span> <span class='ocrx_word' id='word_1_5' title='bbox 614 511 694 557; x_wconf 87' lang='lat' dir='ltr'>suut</span> <span class='ocrx_word' id='word_1_6' title='bbox 718 501 920 558; x_wconf 83' lang='lat' dir='ltr'>incolumes</span> <span class='ocrx_word' id='word_1_7' title='bbox 939 509 1094 574; x_wconf 82' lang='lat' dir='ltr'>etaegri.</span> 
     </span>
    </p>
   </div>
   <div class='ocr_carea' id='block_1_4' title="bbox 39 609 1149 3512">
    <p class='ocr_par' dir='ltr' id='par_1_4' title="bbox 39 609 1149 3512">
     <span class='ocr_line' id='line_1_4' title="bbox 200 609 1140 728; baseline 0 -20"><span class='ocrx_word' id='word_1_8' title='bbox 200 643 307 708; x_wconf 82' lang='lat' dir='ltr'>Aliter</span> <span class='ocrx_word' id='word_1_9' title='bbox 334 643 534 708; x_wconf 85' lang='lat' dir='ltr'>admonendi</span> <span class='ocrx_word' id='word_1_10' title='bbox 567 653 644 706; x_wconf 91' lang='lat' dir='ltr'>sunt</span> <span class='ocrx_word' id='word_1_11' title='bbox 672 639 865 722; x_wconf 86' lang='lat' dir='ltr'>incolumes,</span> <span class='ocrx_word' id='word_1_12' title='bbox 898 650 1001 728; x_wconf 89' lang='lat' dir='ltr'>atque</span> <span class='ocrx_word' id='word_1_13' title='bbox 1030 609 1140 714; x_wconf 33' lang='lat' dir='ltr'>aliteri</span> 
     </span>
     <span class='ocr_line' id='line_1_5' title="bbox 133 739 1128 828; baseline 0.004 -22"><span class='ocrx_word' id='word_1_14' title='bbox 133 743 239 828; x_wconf 80' lang='lat' dir='ltr'>aegri.</span> <span class='ocrx_word' id='word_1_15' title='bbox 282 739 492 809; x_wconf 84' lang='lat' dir='ltr'>Admonendi</span> <span class='ocrx_word' id='word_1_16' title='bbox 514 749 592 804; x_wconf 86' lang='lat' dir='ltr'>sunt</span> <span class='ocrx_word' id='word_1_17' title='bbox 613 739 811 821; x_wconf 88' lang='lat' dir='ltr'>incolumes,</span> <span class='ocrx_word' id='word_1_18' title='bbox 834 750 872 804; x_wconf 92' lang='lat' dir='ltr'>ut</span> <span class='ocrx_word' id='word_1_19' title='bbox 894 741 1033 808; x_wconf 87' lang='lat' dir='ltr'>salutem</span> <span class='ocrx_word' id='word_1_20' title='bbox 1057 766 1128 810; x_wconf 86' lang='lat' dir='ltr'>cor-</span> 
     </span>
     <span class='ocr_line' id='line_1_6' title="bbox 136 835 1141 928; baseline 0.003 -21"><span class='ocrx_word' id='word_1_21' title='bbox 136 841 228 928; x_wconf 82' lang='lat' dir='ltr'><strong>poris</strong></span> <span class='ocrx_word' id='word_1_22' title='bbox 251 847 450 904; x_wconf 76' lang='lat' dir='ltr'>excerceant</span> <span class='ocrx_word' id='word_1_23' title='bbox 471 835 515 901; x_wconf 89' lang='lat' dir='ltr'>ad</span> <span class='ocrx_word' id='word_1_24' title='bbox 537 837 678 905; x_wconf 88' lang='lat' dir='ltr'>salutem</span> <span class='ocrx_word' id='word_1_25' title='bbox 701 840 836 921; x_wconf 81' lang='lat' dir='ltr'>mentis3</span> <span class='ocrx_word' id='word_1_26' title='bbox 858 862 900 904; x_wconf 89' lang='lat' dir='ltr'>ne</span> <span class='ocrx_word' id='word_1_27' title='bbox 923 842 951 906; x_wconf 88' lang='lat' dir='ltr'>si</span> <span class='ocrx_word' id='word_1_28' title='bbox 973 854 1141 928; x_wconf 82' lang='lat' dir='ltr'>acceptae.</span> 
     </span>
     <span class='ocr_line' id='line_1_7' title="bbox 136 933 1127 1024; baseline 0.002 -20"><span class='ocrx_word' id='word_1_29' title='bbox 136 938 374 1006; x_wconf 89' lang='lat' dir='ltr'>incolumitatis</span> <span class='ocrx_word' id='word_1_30' title='bbox 396 939 538 1022; x_wconf 80' lang='lat' dir='ltr'>gratiam</span> <span class='ocrx_word' id='word_1_31' title='bbox 567 937 609 1001; x_wconf 88' lang='lat' dir='ltr'>ad</span> <span class='ocrx_word' id='word_1_32' title='bbox 639 959 736 1001; x_wconf 89' lang='lat' dir='ltr'>usum</span> <span class='ocrx_word' id='word_1_33' title='bbox 763 939 935 1024; x_wconf 83' lang='lat' dir='ltr'>nequitiae</span> <span class='ocrx_word' id='word_1_34' title='bbox 958 933 1127 1024; x_wconf 69' lang='lat' dir='ltr'>inclinent,</span> 
     </span>
     <span class='ocr_line' id='line_1_8' title="bbox 135 1025 1137 1128; baseline 0.002 -24"><span class='ocrx_word' id='word_1_35' title='bbox 135 1039 222 1104; x_wconf 87' lang='lat' dir='ltr'>dono</span> <span class='ocrx_word' id='word_1_36' title='bbox 252 1039 433 1104; x_wconf 88' lang='lat' dir='ltr'>deteriores</span> <span class='ocrx_word' id='word_1_37' title='bbox 462 1038 565 1118; x_wconf 87' lang='lat' dir='ltr'>liant,</span> <span class='ocrx_word' id='word_1_38' title='bbox 601 1047 633 1102; x_wconf 90' lang='lat' dir='ltr'>et</span> <span class='ocrx_word' id='word_1_39' title='bbox 661 1058 699 1101; x_wconf 89' lang='lat' dir='ltr'>eo</span> <span class='ocrx_word' id='word_1_40' title='bbox 728 1037 934 1124; x_wconf 87' lang='lat' dir='ltr'>postmodum</span> <span class='ocrx_word' id='word_1_41' title='bbox 963 1025 1137 1128; x_wconf 79' lang='lat' dir='ltr'>supplicia</span> 
     </span>
     <span class='ocr_line' id='line_1_9' title="bbox 134 1131 1149 1225; baseline -0.002 -21"><span class='ocrx_word' id='word_1_42' title='bbox 134 1139 294 1225; x_wconf 87' lang='lat' dir='ltr'>graviora</span> <span class='ocrx_word' id='word_1_43' title='bbox 316 1147 519 1214; x_wconf 89' lang='lat' dir='ltr'>mereantur,</span> <span class='ocrx_word' id='word_1_44' title='bbox 539 1158 604 1224; x_wconf 92' lang='lat' dir='ltr'>quo</span> <span class='ocrx_word' id='word_1_45' title='bbox 625 1155 714 1200; x_wconf 88' lang='lat' dir='ltr'>nuno</span> <span class='ocrx_word' id='word_1_46' title='bbox 726 1131 927 1220; x_wconf 81' lang='lat' dir='ltr'>largioribus</span> <span class='ocrx_word' id='word_1_47' title='bbox 949 1137 1044 1205; x_wconf 91' lang='lat' dir='ltr'>bonis</span> <span class='ocrx_word' id='word_1_48' title='bbox 1062 1139 1149 1220; x_wconf 67' lang='lat' dir='ltr'>Dei„</span> 
     </span>
     <span class='ocr_line' id='line_1_10' title="bbox 134 1233 1128 1321; baseline 0.004 -21"><span class='ocrx_word' id='word_1_49' title='bbox 134 1237 222 1302; x_wconf 90' lang='lat' dir='ltr'>male</span> <span class='ocrx_word' id='word_1_50' title='bbox 245 1237 295 1300; x_wconf 92' lang='lat' dir='ltr'>uti</span> <span class='ocrx_word' id='word_1_51' title='bbox 316 1260 381 1302; x_wconf 87' lang='lat' dir='ltr'>nou</span> <span class='ocrx_word' id='word_1_52' title='bbox 402 1247 562 1301; x_wconf 90' lang='lat' dir='ltr'>metuunt.</span> <span class='ocrx_word' id='word_1_53' title='bbox 605 1233 813 1302; x_wconf 87' lang='lat' dir='ltr'>Admonendi</span> <span class='ocrx_word' id='word_1_54' title='bbox 836 1248 914 1304; x_wconf 88' lang='lat' dir='ltr'>sunt</span> <span class='ocrx_word' id='word_1_55' title='bbox 933 1238 1128 1321; x_wconf 84' lang='lat' dir='ltr'>incolumes,</span> 
     </span>
     <span class='ocr_line' id='line_1_11' title="bbox 134 1335 1128 1425; baseline 0.005 -23"><span class='ocrx_word' id='word_1_56' title='bbox 134 1359 177 1402; x_wconf 89' lang='lat' dir='ltr'>ne</span> <span class='ocrx_word' id='word_1_57' title='bbox 201 1335 483 1424; x_wconf 84' lang='lat' dir='ltr'>opportunitatem</span> <span class='ocrx_word' id='word_1_58' title='bbox 500 1335 615 1406; x_wconf 87' lang='lat' dir='ltr'>salutis</span> <span class='ocrx_word' id='word_1_59' title='bbox 628 1339 873 1422; x_wconf 85' lang='lat' dir='ltr'>inperpetuum</span> <span class='ocrx_word' id='word_1_60' title='bbox 889 1341 1128 1425; x_wconf 85' lang='lat' dir='ltr'>promerendae</span> 
     </span>
     <span class='ocr_line' id='line_1_12' title="bbox 135 1433 1129 1524; baseline 0.004 -24"><span class='ocrx_word' id='word_1_61' title='bbox 135 1435 331 1524; x_wconf 83' lang='lat' dir='ltr'>despiciant.</span> <span class='ocrx_word' id='word_1_62' title='bbox 380 1433 547 1522; x_wconf 83' lang='lat' dir='ltr'>Scriptum</span> <span class='ocrx_word' id='word_1_63' title='bbox 574 1456 717 1522; x_wconf 88' lang='lat' dir='ltr'>namque</span> <span class='ocrx_word' id='word_1_64' title='bbox 757 1445 826 1500; x_wconf 87' lang='lat' dir='ltr'>est:</span> <span class='ocrx_word' id='word_1_65' title='bbox 870 1438 976 1502; x_wconf 82' lang='lat' dir='ltr'>Ecce</span> <span class='ocrx_word' id='word_1_66' title='bbox 1009 1462 1129 1504; x_wconf 89' lang='lat' dir='ltr'>nunc</span> 
     </span>
     <span class='ocr_line' id='line_1_13' title="bbox 134 1534 1126 1622; baseline 0.006 -24"><span class='ocrx_word' id='word_1_67' title='bbox 134 1543 294 1620; x_wconf 86' lang='lat' dir='ltr'>tempus</span> <span class='ocrx_word' id='word_1_68' title='bbox 324 1534 613 1622; x_wconf 79' lang='lat' dir='ltr'>acceptabile,</span> <span class='ocrx_word' id='word_1_69' title='bbox 645 1555 740 1598; x_wconf 87' lang='lat' dir='ltr'>ecoe</span> <span class='ocrx_word' id='word_1_70' title='bbox 771 1557 879 1602; x_wconf 75' lang='lat' dir='ltr'>niano</span> <span class='ocrx_word' id='word_1_71' title='bbox 906 1534 996 1602; x_wconf 90' lang='lat' dir='ltr'>dies</span> <span class='ocrx_word' id='word_1_72' title='bbox 1020 1537 1126 1604; x_wconf 89' lang='lat' dir='ltr'>salu·</span> 
     </span>
     <span class='ocr_line' id='line_1_14' title="bbox 132 1630 1127 1720; baseline 0.003 -21"><span class='ocrx_word' id='word_1_73' title='bbox 132 1630 239 1718; x_wconf 86' lang='lat' dir='ltr'>tis.¹)</span> <span class='ocrx_word' id='word_1_74' title='bbox 282 1633 493 1698; x_wconf 90' lang='lat' dir='ltr'>Admonendi</span> <span class='ocrx_word' id='word_1_75' title='bbox 521 1643 615 1716; x_wconf 85' lang='lat' dir='ltr'>sunt,</span> <span class='ocrx_word' id='word_1_76' title='bbox 648 1656 691 1697; x_wconf 93' lang='lat' dir='ltr'>ne</span> <span class='ocrx_word' id='word_1_77' title='bbox 718 1632 849 1720; x_wconf 87' lang='lat' dir='ltr'>placere</span> <span class='ocrx_word' id='word_1_78' title='bbox 877 1634 952 1700; x_wconf 92' lang='lat' dir='ltr'>Deo</span> <span class='ocrx_word' id='word_1_79' title='bbox 982 1637 1028 1716; x_wconf 89' lang='lat' dir='ltr'>si,</span> <span class='ocrx_word' id='word_1_80' title='bbox 1055 1659 1127 1702; x_wconf 88' lang='lat' dir='ltr'>cum</span> 
     </span>
     <span class='ocr_line' id='line_1_15' title="bbox 132 1731 1127 1822; baseline 0.001 -23"><span class='ocrx_word' id='word_1_81' title='bbox 132 1743 285 1822; x_wconf 81' lang='lat' dir='ltr'>possunt,</span> <span class='ocrx_word' id='word_1_82' title='bbox 309 1731 499 1816; x_wconf 89' lang='lat' dir='ltr'>noluerint,</span> <span class='ocrx_word' id='word_1_83' title='bbox 521 1755 594 1797; x_wconf 89' lang='lat' dir='ltr'>cum</span> <span class='ocrx_word' id='word_1_84' title='bbox 617 1733 786 1798; x_wconf 86' lang='lat' dir='ltr'>voluerint</span> <span class='ocrx_word' id='word_1_85' title='bbox 807 1756 881 1798; x_wconf 87' lang='lat' dir='ltr'>sero</span> <span class='ocrx_word' id='word_1_86' title='bbox 902 1757 967 1800; x_wconf 90' lang='lat' dir='ltr'>non</span> <span class='ocrx_word' id='word_1_87' title='bbox 989 1739 1127 1822; x_wconf 88' lang='lat' dir='ltr'>possint.</span> 
     </span>
     <span class='ocr_line' id='line_1_16' title="bbox 132 1831 1128 1922; baseline 0.002 -24"><span class='ocrx_word' id='word_1_88' title='bbox 132 1833 221 1898; x_wconf 85' lang='lat' dir='ltr'>Hinc</span> <span class='ocrx_word' id='word_1_89' title='bbox 243 1844 292 1896; x_wconf 89' lang='lat' dir='ltr'>est</span> <span class='ocrx_word' id='word_1_90' title='bbox 304 1834 403 1912; x_wconf 86' lang='lat' dir='ltr'>enim,</span> <span class='ocrx_word' id='word_1_91' title='bbox 428 1831 516 1918; x_wconf 91' lang='lat' dir='ltr'>quod</span> <span class='ocrx_word' id='word_1_92' title='bbox 539 1853 595 1896; x_wconf 89' lang='lat' dir='ltr'>eos</span> <span class='ocrx_word' id='word_1_93' title='bbox 607 1843 684 1916; x_wconf 92' lang='lat' dir='ltr'>post</span> <span class='ocrx_word' id='word_1_94' title='bbox 698 1834 864 1918; x_wconf 84' lang='lat' dir='ltr'>sapientia</span> <span class='ocrx_word' id='word_1_95' title='bbox 888 1833 1021 1915; x_wconf 88' lang='lat' dir='ltr'>deserit,</span> <span class='ocrx_word' id='word_1_96' title='bbox 1045 1859 1128 1922; x_wconf 91' lang='lat' dir='ltr'>quos</span> 
     </span>
     <span class='ocr_line' id='line_1_17' title="bbox 133 1931 1126 2019; baseline 0.005 -23"><span class='ocrx_word' id='word_1_97' title='bbox 133 1933 227 2019; x_wconf 89' lang='lat' dir='ltr'>prius</span> <span class='ocrx_word' id='word_1_98' title='bbox 250 1931 374 1996; x_wconf 90' lang='lat' dir='ltr'>diutius</span> <span class='ocrx_word' id='word_1_99' title='bbox 403 1939 581 1994; x_wconf 81' lang='lat' dir='ltr'>renuentes</span> <span class='ocrx_word' id='word_1_100' title='bbox 603 1932 755 2013; x_wconf 88' lang='lat' dir='ltr'>vocavit,</span> <span class='ocrx_word' id='word_1_101' title='bbox 786 1934 918 1998; x_wconf 89' lang='lat' dir='ltr'>dicens:</span> <span class='ocrx_word' id='word_1_102' title='bbox 952 1935 1126 2016; x_wconf 78' lang='lat' dir='ltr'>Vocari,</span> 
     </span>
     <span class='ocr_line' id='line_1_18' title="bbox 134 2023 1128 2114; baseline 0.008 -21"><span class='ocrx_word' id='word_1_103' title='bbox 134 2040 178 2095; x_wconf 89' lang='lat' dir='ltr'>et</span> <span class='ocrx_word' id='word_1_104' title='bbox 199 2030 418 2109; x_wconf 70' lang='lat' dir='ltr'>renuistis,</span> <span class='ocrx_word' id='word_1_105' title='bbox 448 2028 619 2093; x_wconf 85' lang='lat' dir='ltr'>extendi</span> <span class='ocrx_word' id='word_1_106' title='bbox 640 2050 795 2094; x_wconf 86' lang='lat' dir='ltr'>manum</span> <span class='ocrx_word' id='word_1_107' title='bbox 817 2053 966 2114; x_wconf 86' lang='lat' dir='ltr'>meam,</span> <span class='ocrx_word' id='word_1_108' title='bbox 989 2043 1029 2097; x_wconf 89' lang='lat' dir='ltr'>et</span> <span class='ocrx_word' id='word_1_109' title='bbox 1050 2023 1128 2100; x_wconf 82' lang='lat' dir='ltr'>non</span> 
     </span>
     <span class='ocr_line' id='line_1_19' title="bbox 132 2126 1127 2219; baseline 0.002 -25"><span class='ocrx_word' id='word_1_110' title='bbox 132 2128 236 2219; x_wconf 78' lang='lat' dir='ltr'>fuit,</span> <span class='ocrx_word' id='word_1_111' title='bbox 261 2130 330 2218; x_wconf 84' lang='lat' dir='ltr'>qui</span> <span class='ocrx_word' id='word_1_112' title='bbox 353 2128 582 2214; x_wconf 82' lang='lat' dir='ltr'>aspiceret:</span> <span class='ocrx_word' id='word_1_113' title='bbox 612 2126 876 2215; x_wconf 80' lang='lat' dir='ltr'>despexistis</span> <span class='ocrx_word' id='word_1_114' title='bbox 901 2153 1012 2196; x_wconf 89' lang='lat' dir='ltr'>omne</span> <span class='ocrx_word' id='word_1_115' title='bbox 1036 2154 1127 2198; x_wconf 75' lang='lat' dir='ltr'>oon,-</span> 
     </span>
     <span class='ocr_line' id='line_1_20' title="bbox 134 2228 1128 2314; baseline 0.001 -19"><span class='ocrx_word' id='word_1_116' title='bbox 134 2228 275 2295; x_wconf 89' lang='lat' dir='ltr'>silium</span> <span class='ocrx_word' id='word_1_117' title='bbox 308 2251 453 2309; x_wconf 82' lang='lat' dir='ltr'>rreum,</span> <span class='ocrx_word' id='word_1_118' title='bbox 491 2239 530 2294; x_wconf 89' lang='lat' dir='ltr'>et</span> <span class='ocrx_word' id='word_1_119' title='bbox 556 2229 888 2314; x_wconf 88' lang='lat' dir='ltr'>increpationes</span> <span class='ocrx_word' id='word_1_120' title='bbox 922 2252 1035 2295; x_wconf 91' lang='lat' dir='ltr'>meas</span> <span class='ocrx_word' id='word_1_121' title='bbox 1063 2255 1128 2296; x_wconf 91' lang='lat' dir='ltr'>ne·</span> 
     </span>
     <span class='ocr_line' id='line_1_21' title="bbox 133 2329 1127 2416; baseline 0.003 -21"><span class='ocrx_word' id='word_1_122' title='bbox 133 2330 361 2416; x_wconf 84' lang='lat' dir='ltr'>glexistis:</span> <span class='ocrx_word' id='word_1_123' title='bbox 391 2351 463 2414; x_wconf 85' lang='lat' dir='ltr'>ego</span> <span class='ocrx_word' id='word_1_124' title='bbox 494 2349 662 2416; x_wconf 86' lang='lat' dir='ltr'>quoque</span> <span class='ocrx_word' id='word_1_125' title='bbox 693 2329 735 2390; x_wconf 89' lang='lat' dir='ltr'>in</span> <span class='ocrx_word' id='word_1_126' title='bbox 763 2329 948 2394; x_wconf 90' lang='lat' dir='ltr'>interitu</span> <span class='ocrx_word' id='word_1_127' title='bbox 977 2341 1127 2398; x_wconf 87' lang='lat' dir='ltr'>vestro</span> 
     </span>
     <span class='ocr_line' id='line_1_22' title="bbox 132 2426 1128 2516; baseline 0.001 -23"><span class='ocrx_word' id='word_1_128' title='bbox 132 2427 296 2512; x_wconf 83' lang='lat' dir='ltr'>ridebo,</span> <span class='ocrx_word' id='word_1_129' title='bbox 330 2443 370 2494; x_wconf 91' lang='lat' dir='ltr'>et</span> <span class='ocrx_word' id='word_1_130' title='bbox 399 2427 697 2506; x_wconf 87' lang='lat' dir='ltr'>subsannabo,</span> <span class='ocrx_word' id='word_1_131' title='bbox 733 2449 818 2492; x_wconf 90' lang='lat' dir='ltr'>oum</span> <span class='ocrx_word' id='word_1_132' title='bbox 849 2426 988 2511; x_wconf 87' lang='lat' dir='ltr'>vobis,</span> <span class='ocrx_word' id='word_1_133' title='bbox 1018 2431 1128 2516; x_wconf 90' lang='lat' dir='ltr'>quod</span> 
     </span>
     <span class='ocr_line' id='line_1_23' title="bbox 133 2511 1125 2612; baseline 0.004 -20"><span class='ocrx_word' id='word_1_134' title='bbox 133 2527 365 2610; x_wconf 86' lang='lat' dir='ltr'>timebatis,</span> <span class='ocrx_word' id='word_1_135' title='bbox 390 2511 654 2612; x_wconf 80' lang='lat' dir='ltr'>adve&#39;nerit.²)</span> <span class='ocrx_word' id='word_1_136' title='bbox 699 2527 744 2592; x_wconf 84' lang='lat' dir='ltr'>Et</span> <span class='ocrx_word' id='word_1_137' title='bbox 767 2549 914 2592; x_wconf 87' lang='lat' dir='ltr'>rursum:</span> <span class='ocrx_word' id='word_1_138' title='bbox 936 2527 1047 2596; x_wconf 86' lang='lat' dir='ltr'>Tunc</span> <span class='ocrx_word' id='word_1_139' title='bbox 1069 2532 1125 2596; x_wconf 90' lang='lat' dir='ltr'>in·</span> 
     </span>
     <span class='ocr_line' id='line_1_24' title="bbox 134 2625 1125 2714; baseline 0.004 -22"><span class='ocrx_word' id='word_1_140' title='bbox 134 2626 346 2697; x_wconf 82' lang='lat' dir='ltr'>vocabunt</span> <span class='ocrx_word' id='word_1_141' title='bbox 367 2650 440 2708; x_wconf 87' lang='lat' dir='ltr'>me,</span> <span class='ocrx_word' id='word_1_142' title='bbox 465 2637 504 2691; x_wconf 87' lang='lat' dir='ltr'>et</span> <span class='ocrx_word' id='word_1_143' title='bbox 526 2649 609 2693; x_wconf 90' lang='lat' dir='ltr'>non</span> <span class='ocrx_word' id='word_1_144' title='bbox 632 2625 867 2714; x_wconf 82' lang='lat' dir='ltr'>exaudiam3</span> <span class='ocrx_word' id='word_1_145' title='bbox 898 2649 1016 2694; x_wconf 89' lang='lat' dir='ltr'>mane</span> <span class='ocrx_word' id='word_1_146' title='bbox 1039 2652 1125 2696; x_wconf 90' lang='lat' dir='ltr'>oon·</span> 
     </span>
     <span class='ocr_line' id='line_1_25' title="bbox 133 2721 1126 2815; baseline 0 -21"><span class='ocrx_word' id='word_1_147' title='bbox 133 2738 322 2814; x_wconf 86' lang='lat' dir='ltr'>surgent,</span> <span class='ocrx_word' id='word_1_148' title='bbox 348 2739 386 2792; x_wconf 90' lang='lat' dir='ltr'>et</span> <span class='ocrx_word' id='word_1_149' title='bbox 406 2750 482 2792; x_wconf 90' lang='lat' dir='ltr'>non</span> <span class='ocrx_word' id='word_1_150' title='bbox 504 2727 720 2792; x_wconf 87' lang='lat' dir='ltr'>invenient</span> <span class='ocrx_word' id='word_1_151' title='bbox 740 2723 845 2809; x_wconf 78' lang='lat' dir='ltr'>me.³)</span> <span class='ocrx_word' id='word_1_152' title='bbox 891 2725 988 2793; x_wconf 88' lang='lat' dir='ltr'>Salus</span> <span class='ocrx_word' id='word_1_153' title='bbox 1010 2721 1126 2815; x_wconf 88' lang='lat' dir='ltr'>itaque</span> 
     </span>
     <span class='ocr_line' id='line_1_26' title="bbox 133 2819 1128 2916; baseline 0 -25"><span class='ocrx_word' id='word_1_154' title='bbox 133 2830 282 2912; x_wconf 83' lang='lat' dir='ltr'>corporis</span> <span class='ocrx_word' id='word_1_155' title='bbox 306 2827 439 2914; x_wconf 88' lang='lat' dir='ltr'>quando</span> <span class='ocrx_word' id='word_1_156' title='bbox 463 2825 506 2890; x_wconf 93' lang='lat' dir='ltr'>ad</span> <span class='ocrx_word' id='word_1_157' title='bbox 527 2824 612 2890; x_wconf 88' lang='lat' dir='ltr'>bene</span> <span class='ocrx_word' id='word_1_158' title='bbox 636 2823 842 2914; x_wconf 89' lang='lat' dir='ltr'>operandum</span> <span class='ocrx_word' id='word_1_159' title='bbox 857 2836 994 2914; x_wconf 87' lang='lat' dir='ltr'>accepta</span> <span class='ocrx_word' id='word_1_160' title='bbox 1016 2819 1128 2916; x_wconf 88' lang='lat' dir='ltr'>despi-=</span> 
     </span>
     <span class='ocr_line' id='line_1_27' title="bbox 39 2925 1123 3016; baseline 0.004 -26"><span class='ocrx_word' id='word_1_161' title='bbox 39 2933 59 2992; x_wconf 76' lang='grc'>“.</span> <span class='ocrx_word' id='word_1_162' title='bbox 135 2928 235 3009; x_wconf 89' lang='lat' dir='ltr'>citur,</span> <span class='ocrx_word' id='word_1_163' title='bbox 264 2929 381 3014; x_wconf 88' lang='lat' dir='ltr'>quanti</span> <span class='ocrx_word' id='word_1_164' title='bbox 404 2927 632 3016; x_wconf 84' lang='lat' dir='ltr'>sitmuneris,</span> <span class='ocrx_word' id='word_1_165' title='bbox 662 2927 784 2990; x_wconf 84' lang='lat' dir='ltr'>amissa</span> <span class='ocrx_word' id='word_1_166' title='bbox 814 2925 963 2989; x_wconf 83' lang='lat' dir='ltr'>sentitur.</span> <span class='ocrx_word' id='word_1_167' title='bbox 1008 2925 1052 2991; x_wconf 84' lang='lat' dir='ltr'>Et</span> <span class='ocrx_word' id='word_1_168' title='bbox 1073 2929 1123 2994; x_wconf 85' lang='lat' dir='ltr'>in·</span> 
     </span>
     <span class='ocr_line' id='line_1_28' title="bbox 134 3023 1123 3110; baseline 0.008 -22"><span class='ocrx_word' id='word_1_169' title='bbox 134 3024 303 3088; x_wconf 89' lang='lat' dir='ltr'>fructuose</span> <span class='ocrx_word' id='word_1_170' title='bbox 326 3024 368 3088; x_wconf 90' lang='lat' dir='ltr'>ad</span> <span class='ocrx_word' id='word_1_171' title='bbox 389 3025 541 3090; x_wconf 90' lang='lat' dir='ltr'>ultimum</span> <span class='ocrx_word' id='word_1_172' title='bbox 564 3023 750 3110; x_wconf 88' lang='lat' dir='ltr'>quaeritur,</span> <span class='ocrx_word' id='word_1_173' title='bbox 775 3045 860 3108; x_wconf 88' lang='lat' dir='ltr'>quae</span> <span class='ocrx_word' id='word_1_174' title='bbox 883 3045 1026 3108; x_wconf 84' lang='lat' dir='ltr'>congruo</span> <span class='ocrx_word' id='word_1_175' title='bbox 1048 3049 1123 3096; x_wconf 87' lang='lat' dir='ltr'>con·</span> 
     </span>
     <span class='ocr_line' id='line_1_29' title="bbox 135 3121 1125 3214; baseline 0.002 -25"><span class='ocrx_word' id='word_1_176' title='bbox 135 3145 231 3189; x_wconf 88' lang='lat' dir='ltr'>cessa</span> <span class='ocrx_word' id='word_1_177' title='bbox 252 3133 397 3208; x_wconf 89' lang='lat' dir='ltr'>tempore</span> <span class='ocrx_word' id='word_1_178' title='bbox 411 3123 539 3188; x_wconf 88' lang='lat' dir='ltr'>utiliter</span> <span class='ocrx_word' id='word_1_179' title='bbox 561 3147 628 3190; x_wconf 90' lang='lat' dir='ltr'>non</span> <span class='ocrx_word' id='word_1_180' title='bbox 641 3121 794 3188; x_wconf 89' lang='lat' dir='ltr'>babetur.</span> <span class='ocrx_word' id='word_1_181' title='bbox 837 3121 936 3199; x_wconf 85' lang='lat' dir='ltr'>Unde</span> <span class='ocrx_word' id='word_1_182' title='bbox 958 3122 1043 3189; x_wconf 89' lang='lat' dir='ltr'>bene</span> <span class='ocrx_word' id='word_1_183' title='bbox 1064 3149 1125 3214; x_wconf 90' lang='lat' dir='ltr'>per</span> 
     </span>
     <span class='ocr_line' id='line_1_30' title="bbox 135 3218 1123 3296; baseline 0 -8"><span class='ocrx_word' id='word_1_184' title='bbox 135 3221 343 3288; x_wconf 87' lang='lat' dir='ltr'>Salomonem</span> <span class='ocrx_word' id='word_1_185' title='bbox 369 3244 500 3296; x_wconf 90' lang='lat' dir='ltr'>rursum</span> <span class='ocrx_word' id='word_1_186' title='bbox 522 3224 657 3288; x_wconf 87' lang='lat' dir='ltr'>dicitur:</span> <span class='ocrx_word' id='word_1_187' title='bbox 686 3221 743 3284; x_wconf 85' lang='lat' dir='ltr'>Ne</span> <span class='ocrx_word' id='word_1_188' title='bbox 772 3221 844 3285; x_wconf 85' lang='lat' dir='ltr'>des</span> <span class='ocrx_word' id='word_1_189' title='bbox 875 3218 1031 3287; x_wconf 89' lang='lat' dir='ltr'>alienis</span> <span class='ocrx_word' id='word_1_190' title='bbox 1060 3224 1123 3292; x_wconf 90' lang='lat' dir='ltr'>ho·</span> 
     </span>
     <span class='ocr_line' id='line_1_31' title="bbox 133 3318 1123 3402; baseline 0.002 -13"><span class='ocrx_word' id='word_1_191' title='bbox 133 3343 269 3400; x_wconf 86' lang='lat' dir='ltr'>norem</span> <span class='ocrx_word' id='word_1_192' title='bbox 290 3331 416 3402; x_wconf 88' lang='lat' dir='ltr'>tuum,</span> <span class='ocrx_word' id='word_1_193' title='bbox 440 3330 729 3387; x_wconf 88' lang='lat' dir='ltr'>etannostuos</span> <span class='ocrx_word' id='word_1_194' title='bbox 749 3318 923 3401; x_wconf 79' lang='lat' dir='ltr'>crudeli3</span> <span class='ocrx_word' id='word_1_195' title='bbox 944 3342 994 3384; x_wconf 86' lang='lat' dir='ltr'>ne</span> <span class='ocrx_word' id='word_1_196' title='bbox 1010 3321 1123 3390; x_wconf 87' lang='lat' dir='ltr'>forte</span> 
     </span>
     <span class='ocr_line' id='line_1_32' title="bbox 133 3419 1125 3512; baseline 0.002 -24"><span class='ocrx_word' id='word_1_197' title='bbox 133 3421 389 3512; x_wconf 85' lang='lat' dir='ltr'>impleantur</span> <span class='ocrx_word' id='word_1_198' title='bbox 411 3421 606 3486; x_wconf 87' lang='lat' dir='ltr'>extranei</span> <span class='ocrx_word' id='word_1_199' title='bbox 628 3419 800 3486; x_wconf 88' lang='lat' dir='ltr'>viribus</span> <span class='ocrx_word' id='word_1_200' title='bbox 822 3421 924 3501; x_wconf 90' lang='lat' dir='ltr'>tuis,</span> <span class='ocrx_word' id='word_1_201' title='bbox 948 3429 988 3485; x_wconf 89' lang='lat' dir='ltr'>et</span> <span class='ocrx_word' id='word_1_202' title='bbox 1010 3419 1125 3491; x_wconf 87' lang='lat' dir='ltr'>labo·</span> 
     </span>
    </p>
   </div>
   <div class='ocr_carea' id='block_1_5' title="bbox 167 3597 1041 3785">
    <p class='ocr_par' dir='ltr' id='par_1_5' title="bbox 167 3597 1041 3785">
     <span class='ocr_line' id='line_1_33' title="bbox 167 3597 1041 3785; baseline 0.03 -118"><span class='ocrx_word' id='word_1_203' title='bbox 167 3636 191 3704; x_wconf 74' lang='grc' dir='ltr'>ι)</span> <span class='ocrx_word' id='word_1_204' title='bbox 209 3638 235 3693; x_wconf 51' lang='lat'>2¹</span> <span class='ocrx_word' id='word_1_205' title='bbox 253 3637 312 3693; x_wconf 52' lang='lat' dir='ltr'>0OE</span> <span class='ocrx_word' id='word_1_206' title='bbox 330 3636 354 3712; x_wconf 49' lang='lat' dir='ltr'>p,</span> <span class='ocrx_word' id='word_1_207' title='bbox 372 3642 398 3692; x_wconf 45' lang='lat'>2·</span> <span class='ocrx_word' id='word_1_208' title='bbox 418 3664 450 3696; x_wconf 81' lang='lat'>-.</span> <span class='ocrx_word' id='word_1_209' title='bbox 469 3634 489 3700; x_wconf 70' lang='lat' dir='ltr'>a)</span> <span class='ocrx_word' id='word_1_210' title='bbox 510 3597 627 3702; x_wconf 45' lang='lat' dir='ltr'>Propo,</span> <span class='ocrx_word' id='word_1_211' title='bbox 647 3631 688 3686; x_wconf 72' lang='lat'>24,</span> <span class='ocrx_word' id='word_1_212' title='bbox 706 3639 754 3688; x_wconf 65' lang='lat' dir='ltr'>etc,</span> <span class='ocrx_word' id='word_1_213' title='bbox 772 3631 938 3785; x_wconf 38' lang='lat' dir='ltr'>{pastun</span> <span class='ocrx_word' id='word_1_214' title='bbox 958 3636 981 3703; x_wconf 85' lang='lat'>1,</span> <span class='ocrx_word' id='word_1_215' title='bbox 1000 3636 1041 3693; x_wconf 80' lang='lat'>28.</span> 
     </span>
    </p>
   </div>
   <div class='ocr_carea' id='block_1_6' title="bbox 0 0 1282 4172">
    <p class='ocr_par' dir='ltr' id='par_1_6' title="bbox 0 0 1282 4172">
     <span class='ocr_line' id='line_1_34' title="bbox 0 0 1282 4172; baseline 0 1"><span class='ocrx_word' id='word_1_216' title='bbox 0 0 1282 4172; x_wconf 95' lang='lat' dir='ltr'> </span> 
     </span>
    </p>
   </div>
  </div>
 </body>
</html>
