2554 4172
518 123 560 140 ..
601 86 643 154 ss
685 63 723 140 ς.

466 236 690 353 curun
731 291 771 354 v.

238 423 416 492 Quomodo
440 423 649 476 admonendi
673 426 772 478 servi
796 429 831 477 et
849 426 995 480 domini.

111 610 113 614 ·
181 581 291 646 Aliter
303 579 501 646 admonendi
523 592 600 645 sunt
622 583 721 664 servi,
746 591 847 670 atque
859 581 958 648 aliter
981 581 1113 650 domiui.

122 681 221 746 Servi
242 679 384 762 scilieet,
415 680 508 744 utin
539 701 573 744 se
596 703 726 765 semper
755 677 972 747 humilitatem
1002 685 1114 748 eondi-

119 782 217 847 tionis
240 780 418 866 aspicient3
441 777 564 843 domini
584 801 680 862 voro,
702 787 741 844 ut
762 791 903 846 naturae
926 805 1023 865 suae,
1046 806 1113 870 qua

121 878 310 966 aequaliter
332 888 408 943 sunt
435 900 510 942 oum
533 881 637 944 servis
663 878 803 962 conditi,
834 883 1025 946 memoriam
1046 902 1113 948 non

121 981 283 1045 amittant.
327 977 425 1044 Servi
457 977 657 1045 admonendi
687 989 783 1062 sunt,
812 1003 854 1044 no
885 981 1033 1048 dominos
1055 980 1113 1046 de·

122 1080 282 1166 spioinnt,
309 1099 352 1143 ne
373 1077 483 1142 Deum
513 1075 702 1158 offendant,
738 1079 767 1142 si
798 1081 1000 1146 ordinationi
1020 1081 1112 1147 illius

122 1177 343 1264 superbiendo
381 1175 631 1257 contradicunt3
671 1175 795 1242 domiui
833 1201 966 1266 quoque
1002 1179 1111 1246 admo·

120 1279 222 1343 nendi
244 1287 339 1357 sunt,
370 1277 450 1361 quin
471 1285 586 1340 eontra
607 1274 717 1342 Deum
739 1275 780 1339 de
803 1299 939 1342 munere
963 1281 1036 1364 ejus
1058 1303 1112 1344 su·

119 1379 296 1463 perbiunt,
319 1377 348 1440 si
369 1397 443 1458 eos,
472 1397 556 1461 quos
577 1396 639 1461 per
660 1373 879 1440 conditionem
900 1386 1015 1442 tenent
1035 1377 1113 1444 sub·

119 1475 216 1558 ditos,
239 1472 401 1560 aequales
425 1474 488 1539 sibi
501 1496 563 1560 per
584 1483 727 1538 naturae
746 1475 946 1540 consortium
966 1498 1034 1542 non
1056 1499 1113 1562 ag·

118 1583 269 1642 noscunt.
310 1575 372 1638 Isti
393 1571 606 1639 admouendi·
622 1583 718 1660 sunt,·
751 1581 788 1638 ut
812 1573 919 1638 sciant
940 1597 975 1639 se
999 1597 1113 1644 servos

119 1695 192 1739 esse
214 1673 436 1754 dominorum3
458 1671 510 1736 illi
521 1671 720 1737 admonendi
741 1683 832 1754 suut,
853 1681 891 1737 ut
904 1687 1112 1758 *cognoscant

119 1795 155 1838 se
177 1795 353 1839 conservos
382 1793 454 1838 esse
485 1793 665 1836 servorum.
708 1772 788 1836 Istis
809 1793 954 1859 numque
975 1771 1114 1840 dieitur:

117 1869 268 1953 Servi,
297 1870 469 1936 obedite
499 1868 682 1935 dominis
705 1868 983 1936 carnalibus.
998 1873 1023 1955 ¹)
1067 1873 1114 1940 Et

114 1977 266 2038 rursum:
304 1969 571 2056 Quicumque
603 1979 703 2036 sunt
732 1967 941 2056 subjugo
971 1973 1111 2054 servi,-

116 2069 302 2138 dominos
325 2091 422 2136 suos
443 2069 550 2134 omni
566 2067 884 2154 honoredignos
900 2066 1107 2136 arbitren-

117 2179 202 2253 tur,
217 2169 243 2258 2)
266 2170 456 2236 illisautem
468 2167 601 2236 dieitur:
623 2169 674 2234 Et
695 2191 769 2234 vos
791 2167 944 2235 domini
969 2169 1104 2234 eadem

115 2269 251 2336 facite
280 2269 395 2354 illis,
425 2273 724 2335 remittentes
746 2269 898 2352 minas,
922 2271 1103 2335 seientes

30 2389 35 2405 ⁸
118 2378 216 2453 quot
242 2377 283 2432 et
310 2367 481 2434 illorum
511 2377 718 2434 etvester
746 2366 951 2435 Dominus
981 2368 1106 2434 estin

116 2466 308 2552 ooelis.³)

446 2615 681 2682 CAPUT
721 2619 779 2684 VI.

202 2754 375 2822 Quomodo
400 2753 602 2806 admouendi
619 2753 797 2822 sepientes
822 2761 855 2808 et
872 2755 1020 2810 hebetes.

175 2889 286 2955 Aliter
318 2887 516 2954 admonendi
545 2899 622 2954 sunt
656 2890 825 2976 sapientes
860 2891 960 2977 hujus
990 2890 1107 2978 seculi,

115 3001 218 3077 atque
240 2989 340 3055 aliter
361 2985 508 3054 hebetes.
553 2987 729 3076 Sapientes
761 2991 886 3076 quippe
908 2987 1109 3057 admonendi

116 3100 204 3171 sunt,
227 3099 265 3154 ut
286 3088 441 3154 amittant
455 3088 552 3170 seire,
576 3111 663 3176 quau
682 3088 808 3172 sciunt3
821 3087 849 3175 ιι)
874 3088 1011 3156 hebetes
1025 3113 1104 3177 quo·

141 3302 160 3363 ¹)
179 3300 278 3354 Coloss.
295 3304 328 3367 3,
355 3301 398 3353 22.
425 3330 457 3340 -
482 3300 503 3364 ¹)
522 3301 546 3356 1.
565 3301 630 3354 Tim.
648 3299 711 3367 6,1.
728 3329 763 3340 -
781 3298 801 3364 ⁸)
819 3302 913 3369 Epiros.
930 3303 955 3370 6,
973 3305 999 3358 9.

139 3383 160 3450 ⁸)
180 3387 322 3438 varientur
338 3385 380 3439 hio
406 3387 522 3439 codices:
547 3386 594 3438 alii
615 3387 683 3438 euim
700 3385 792 3452 legunt
817 3391 863 3438 out
879 3389 963 3441 seiont
979 3389 1109 3456 amittere,

183 3479 251 3540 quoe
268 3472 385 3540 sciuntur
412 3471 459 3524 alii
486 3486 534 3524 „ue
552 3471 670 3524 omittant
691 3471 759 3524 scire
782 3473 976 3539 quaeserunt«
1011 3476 1106 3528 Nostra

181 3557 258 3611 lectio
275 3573 334 3614 oum
352 3561 437 3612 cetero
457 3561 527 3612 textu
545 3557 631 3624 magio
648 3557 780 3625 oohuer0t3
802 3557 921 3626 sequitur
943 3561 1028 3612 euim:
1056 3560 1106 3612 „In
