2554 4172
579 160 829 272 --rn--⁴

126 377 129 384 '
193 390 338 455 mesni,
372 369 446 437 esd
466 367 863 459 voluntatemejue,
891 367 1197 456 qnimieitme,

194 470 353 539 Petris
376 467 405 558 ¹)
427 515 429 524 .
453 469 522 551 Qui
546 476 586 534 ut
612 468 716 555 hujus
744 467 859 537 adhue
882 468 1030 534 virtutis·
1046 465 1197 551 gratiam

193 567 456 650 commendaret,
480 575 687 635 servaturum
709 587 747 631 se
768 565 883 632 hocin
901 576 1049 633 extremo
1063 565 1219 653 judicio

193 667 386 760 praemisit,
409 665 539 730 dicens:
570 663 656 748 Ego
682 685 705 728 o
730 687 789 730 me
811 665 903 752 ipso
924 687 1006 732 non
1026 686 1196 750 possum

162 841 166 849 ,
193 769 341 834 fecere
364 762 599 852 quidquam,
623 761 692 826 sed
712 763 820 828 siout
841 763 976 846 sudio,
994 759 1195 850 judic‚o.²)

195 867 275 949 Quo
294 870 410 952 itaque
432 860 635 927 conscientie
655 857 859 943 dedignatur
874 863 971 928 homo
986 861 1121 928 eliense
1133 883 1195 928 vo·

193 967 319 1032 inntnti
346 962 578 1050 acquiescere,
604 957 743 1042 'quondo
772 958 838 1022 Dei
864 970 898 1024 et
925 959 1065 1026 hominis
1085 958 1193 1042 filius,

195 1087 269 1134 cum
290 1063 423 1130 virtutis
444 1079 526 1125 sune
548 1053 690 1143 gloriam
712 1059 805 1124 venit
826 1059 1020 1142 ostendere,
1049 1067 1196 1124 testetur

196 1163 234 1232 ee'
254 1185 320 1228 non
342 1182 362 1224 a
386 1159 562 1244 semetipso
579 1154 758 1242 judicare?

257 1263 303 1326 At
323 1268 441 1327 contre
462 1255 663 1323 admonendi
681 1265 759 1320 sunt
777 1256 1020 1339 inconstantes,
1042 1267 1080 1322 ut
1097 1278 1194 1322 men-

193 1372 261 1428 tem
281 1358 451 1444 gravitate
473 1355 640 1424 roborent.
659 1350 663 1356 ⁶
683 1355 779 1421 Tunc
799 1357 887 1421 enim
909 1358 1077 1442 genimina
1099 1357 1136 1422 in
1155 1378 1195 1423 se

192 1456 428 1527 mutabilitatis
449 1453 637 1520 arefaciunt
643 1503 653 1536 ,
678 1477 752 1522 cum
773 1478 794 1520 o
815 1455 909 1521 corde
931 1456 1026 1542 prius
1046 1455 1196 1520 redicem

191 1559 339 1625 levitatis
361 1555 553 1638 abscidunt3
575 1555 655 1640 qnia
676 1564 709 1619 et
723 1553 945 1620 tuncfnbrioo
957 1553 1095 1623 robuste
1112 1577 1192 1622 eon·

194 1659 356 1741 struitur,
391 1678 466 1722 cunr
493 1656 586 1742 prins
615 1654 708 1718 locus
738 1653 886 1737 solidus,
917 1656 954 1721 in
976 1677 1041 1742 quo
1068 1654 1190 1720 fundo-

192 1767 341 1824 mentum
368 1757 448 1842 poni
474 1753 617 1834 debeat,
646 1754 851 1838 providetur.
899 1754 975 1822 Nisi
1005 1777 1085 1841 ergo
1112 1763 1188 1822 ante

193 1859 313 1923 mentis
339 1853 461 1920 levitas
488 1863 666 1934 caventur,
699 1857 938 1939 cogitationum
967 1855 1195 1922 inconstantia

193 1959 328 2024 minime
349 1955 503 2024 vincitur.
532 1953 564 2018 A
586 1953 708 2041 quibus
732 1979 767 2020 se
782 1955 933 2022 alienum
949 1955 1078 2022 Paulus
1088 1955 1196 2020 fuisse
1261 2033 1262 2039 ἵ

193 2055 382 2148 perhibuit,
413 2077 487 2118 cum
516 2053 613 2119 dicit:
642 2053 854 2144 Numquid
881 2056 1061 2120 levitate
1089 2077 1196 2118 usus

193 2157 303 2226 sum?
332 2165 405 2219 out
432 2153 739 2248 quno'cogito,
776 2153 997 2220 secundnm
1020 2172 1194 2214 carnem

193 2259 363 2342 cogito,
385 2263 432 2319 ut
454 2254 511 2318 sit
533 2253 645 2338 apud
666 2276 725 2318 me
746 2253 821 2316 Est
842 2261 880 2313 et
905 2246 1016 2310 Non?
1038 2244 1065 2324 1³)
1098 2244 1194 2312 Aosi

193 2366 309 2444 operte
345 2353 448 2419 dicet:
489 2352 618 2418 Idcirco
651 2349 883 2415 mutabilitatis
907 2363 992 2406 auro
1026 2361 1094 2405 non
1120 2364 1192 2407 mo·

193 2475 294 2537 veor,
320 2455 399 2540 quie
421 2453 570 2518 levitatis
592 2450 675 2514 vitio
696 2469 764 2512 non
786 2437 981 2515 succumbo..

523 2626 726 2698 corun
761 2623 859 2690 xlx.
1260 2649 1261 2706 q

238 2755 409 2824 Quomodo
432 2746 654 2810 admonendi,
679 2745 738 2813 qui
764 2743 1087 2812 intemperantius,
1114 2747 1146 2796 et

434 2832 489 2904 qui
513 2829 658 2898 porcius
684 2830 763 2884 cibo
786 2835 944 2882 utuntur.

257 2957 366 3022 Aliter
387 2944 581 3014 admonendi
603 2957 680 3010 sunt
702 2945 803 3030 gulae
824 2943 947 3026 dediti,
968 2955 1070 3032 atque
1092 2945 1190 3012 aliter

194 3056 411 3124 abstinentes.
455 3042 535 3109 Illos
563 3044 652 3108 enim
682 3033 1117 3131 superfluitss'locutionis,
1144 3045 1190 3111 le-

194 3158 284 3224 vites
305 3148 415 3237 operis
444 3155 546 3232 atque
566 3143 720 3227 luxurin;
750 3147 832 3210 istos
859 3165 939 3210 vero
961 3165 1062 3232 saepe
1084 3145 1187 3234 irnpe-

195 3253 352 3330 tientine,
376 3265 476 3328 saepe
498 3265 577 3309 vero
593 3241 773 3332 superbiae
788 3243 1086 3332 eulpecomitetnr.
1116 3245 1191 3312 Nisi

196 3353 283 3419 enirn
311 3345 409 3435 gulae
437 3343 564 3412 deditos
591 3341 808 3408 immoderato
834 3343 1025 3430 loquacitas
1045 3357 1190 3430 raperet,

196 3450 291 3516 dives
311 3447 385 3531 ille,
417 3448 476 3533 qui
498 3442 656 3533 epulatus
678 3443 826 3530 quotidie
852 3444 974 3510 dicitur
1002 3441 1186 3529 splendide,

193 3587 483 3611 ...-......-..-..-

231 3653 252 3719 o
267 3653 344 3707 oon.
361 3653 386 3719 o,
403 3650 446 3708 eo.
465 3675 494 3688 -
516 3607 536 3710 ΙΙ)
554 3647 629 3702 toan.
648 3645 672 3710 c,
692 3644 733 3702 oo.
753 3675 785 3686 -
807 3645 827 3709 ¹>
845 3645 871 3704 2.
889 3645 948 3699 cor.
966 3645 990 3712 1,
1009 3642 1050 3698 17.
