2554 4172
486 187 524 200 -
562 149 628 216 ιιι
674 185 714 200 «-

64 287 67 294 ἱ
98 325 197 392 limae
219 326 307 390 fame
330 312 515 388 sarriatur:
539 311 664 406 ut'quo
688 338 724 382 re
742 337 807 403 per
827 313 1037 401 diseiplinam
1055 311 1096 380 li·

97 444 183 511 gare
206 419 411 501 dissimulat,
435 441 475 485 eo
496 443 534 484 se
544 419 707 484 esuriens
728 437 789 500 per
812 413 1023 501 voluptatum
1039 411 1096 480 de·

100 525 227 592 sideria
256 529 404 610 spargat.
445 519 534 585 Hine
562 517 608 583 ab
636 517 750 584 eodem
777 534 897 582 rursus
919 511 1098 580 Sermone

99 622 273 690 scribitur·
306 620 353 685 In
375 615 611 683 desideriis
633 627 701 683 est
723 615 857 680 omnis
879 613 1052 680 otiosus.
1068 607 1095 700 ¹)

96 723 219 788 Hino'
209 719 447 807 rpsaVeritate
468 717 666 804 praedioant
668 738 696 798 e,
721 735 787 780 uno
803 713 938 800 quidem
951 720 1096 778 exeunte

99 823 221 908 spiritu
248 818 374 885 munda
402 815 519 883 domus
547 814 688 898 dieitur,
721 812 781 880 sed
809 810 1022 900 multiplicius
1042 834 1095 878 re·

99 917 223 986 deunte
252 920 329 984 dum
358 928 458 982 vaoat
480 925 670 1003 occupatur.
692 914 718 1002 ²)
770 913 969 998 Plerumque
990 911 1096 999 piger,

99 1016 393 1084 dum-necessaria
416 1036 517 1100 agere
538 1015 697 1100 negligit,
728 1011 902 1100 quaedam.
922 1010 987 1077 sibi
1009 1009 1095 1076 diffi-

97 1117 178 1185 cilia
188 1116 340 1205 opponit,
358 1115 522 1201 quaedam
537 1137 617 1182 vero
632 1117 767 1182 ineaute
779 1110 951 1196 formidat3
972 1121 1006 1176 et
1018 1111 1097 1176 dum

99 1217 198 1304 quasi
226 1216 374 1296 invenit,
406 1214 494 1300 quod
521 1212 615 1279 velut
639 1215 732 1301 juste
761 1222 905 1294 metuat,
941 1210 1097 1297 ostendit,

98 1313 191 1402 quod
214 1315 249 1378 in
272 1313 339 1380 otio
361 1315 459 1400 quasi
479 1337 547 1380 ιιοιι
570 1315 695 1402 injuste
716 1322 892 1400 torpescat.
927 1310 991 1378 Cui
1004 1321 1096 1379 reete

97 1437 160 1502 per
184 1412 395 1480 Salomonem
417 1411 550 1478 dieitur:
592 1413 775 1499 Propter
802 1412 948 1496 frigus
975 1413 1095 1497 piger

98 1533 223 1580 arare
244 1511 405 1578 noluit:
427 1511 693 1595 mendicabit
715 1533 815 1596 ergo
847 1521 1031 1591 aestate,
1054 1517 1097 1577 et

95 1635 177 1679 non
206 1611 379 1680 dabitur
409 1612 453 1676 ei.
478 1611 504 1696 ³)
548 1609 691 1698 Propter
712 1610 821 1695 frigus
855 1610 979 1696 quippe
1000 1609 1097 1697 piger

96 1709 163 1778 non
184 1723 278 1791 arat,
302 1709 380 1779 dum
403 1710 553 1776 desidiae
568 1722 701 1795 torpore
715 1708 744 1796 ⁴⁵)
768 1711 965 1775 constrictus
980 1729 1096 1794 agere,

97 1833 185 1895 quae
200 1810 311 1892 debet,
330 1807 421 1875 bona
432 1809 630 1875 dissimulat.
652 1811 793 1895 Propter
803 1808 911 1893 frigus
921 1807 1017 1894 piger
1027 1829 1097 1876 nun

98 1919 191 1990 arat,
214 1907 291 1972 dum
313 1929 419 1993 parva
444 1929 485 1972 ex
508 1907 651 1975 adverso
673 1908 762 1974 mala
783 1908 900 1972 metuit
915 1907 1096 1995 etoperari

97 2008 244 2070 maxima
269 2007 516 2092 praetermittit.
559 2008 650 2072 Bene
680 2016 792 2071 autem
820 2005 955 2072 dieitur:
986 2005 1094 2072 Men·

98 2103 270 2170 dieabit
305 2115 492 2186 aestate,
526 2115 566 2170 et
598 2127 684 2171 uon
718 2105 896 2170 dabitur
928 2106 975 2170 ei.
1026 2103 1096 2185 Qui

96 2205 185 2268 enim
205 2226 294 2269 nune
315 2205 352 2268 in
373 2202 470 2270 bonis
492 2203 652 2290 operibus
673 2225 739 2270 noa
762 2204 923 2287 exsudat,
947 2227 1021 2269 oum
1043 2203 1094 2270 sol

89 2301 212 2389 judieii
232 2301 417 2368 ferventior
438 2305 643 2390 apparuerit,
667 2304 746 2390 quia
766 2302 893 2369 frustra
904 2305 1000 2388 regni
1022 2302 1093 2372 adi·

94 2412 164 2466 tum
187 2399 353 2486 postulat,
377 2399 422 2465 nil
444 2404 613 2488 aooipiens
634 2411 761 2470 aestate
783 2402 957 2470 mendicat
1000 2405 1093 2474 Bene

94 2498 173 2564 huie
192 2521 252 2585 per
275 2500 424 2565 eumdem
448 2500 656 2568 Salomonem
678 2523 810 2567 rursum
832 2501 970 2569 dieitur:
1010 2497 1092 2586 Qui

96 2595 297 2664 observat
318 2609 503 2683 ventum,
526 2623 608 2667 non
630 2603 827 2683 seminat3
850 2612 890 2667 et
910 2603 978 2688 qui
1000 2625 1090 2670 oon·

94 2696 263 2763 sitierat
285 2699 430 2781 nubes,
453 2722 670 2787 numquam
694 2697 865 2786 metiti)
888 2701 1090 2782 .Quidenim

93 2819 154 2884 per
176 2809 328 2880 ventum,
354 2798 419 2862 nisi
440 2797 664 2884 malignorum
686 2801 863 2887 spirituum
879 2803 1018 2868 tentatio
1031 2824 1089 2866 ex·
1156 2865 1157 2870 ,

93 2897 276 2980 primitur?
321 2897 365 2963 Et
395 2896 476 2985 quid
504 2920 565 3004 per
590 2897 715 2981 nubes,
750 2921 837 2985 quae
864 2911 1041 2966 moventur
1066 2921 1089 2966 a

94 3003 211 3123 vento,
242 2997 306 3062 nisi
330 2971 554 3064 adversitates
577 2995 605 3082 ⁰)
634 3017 812 3078 pravorum
841 2990 1009 3063 hominum
1031 3000 1087 3065 de·

138 3112 384 3128 —w

129 3169 243 3234 ¹)Prov.
260 3169 303 3236 21,
329 3171 426 3226 26.—
452 3172 582 3234 ¹.)Mstth
606 3170 648 3237 12,
675 3171 837 3225 44411-
868 3165 1087 3242 1)Ριιιν.20,4.

160 3249 182 3317 ⁴)
201 3254 266 3306 Alit.
284 3255 392 3309 dissidia
409 3264 434 3310 et
450 3263 612 3325 torpore.—-
579 3255 652 3320 —-⁵)
669 3255 742 3332 Eruli
759 3256 805 3322 11,
819 3257 901 3316 ,4·’-
928 3257 948 3322 ⁶)
968 3261 1021 3312 Hae
1038 3265 1087 3329 est,

161 3338 666 3412 aadvsmnrtumprsvorumimpetusu
679 3325 908 3412 oppugnationem
943 3343 993 3398 ilie
1008 3346 1086 3413 enim,

161 3427 199 3480 uti
215 3426 281 3480 alibi
298 3427 405 3497 saepius
422 3429 491 3496 apud
512 3429 541 3485 S.
558 3427 729 3498 (tragurium,
757 3446 781 3488 ι
807 3445 847 3500 gr.
865 3431 911 3486 lib.
934 3432 972 3484 11.
990 3433 1085 3495 Morti.

159 3511 470 3583 (reperiamur,
496 3513 538 3570 16.
555 3513 700 3568 &versitas
724 3531 777 3570 non
803 3515 871 3574 idem
897 3515 1028 3588 tigrim
1051 3533 1084 3576 aa

157 3598 370 3670 calamitas,
388 3599 433 3655 sed
452 3603 493 3654 ert
507 3599 613 3672 proprie
628 3601 823 3664 adventatium
841 3603 979 3674 oppositio.

780 3685 801 3754 6
