2554 4172
573 202 798 276 ..ιιι-ι

178 391 280 448 essm
324 370 577 444 (iuravimus
606 377 880 466 Babylonem,
917 389 964 446 et
993 388 1077 446 uos
1108 383 1182 447 eut

173 485 337 546 sanabat
360 474 393 564 ι)Ι
428 470 583 566 Babylon
604 478 729 566 quippe
751 470 896 563 curatur,
917 479 1181 552 restruendo

175 579 356 646 sanitatem
376 573 562 658 reducitur,
585 577 719 664 quando
741 593 833 644 mens
855 579 888 644 in
914 600 1022 667 prava
1044 577 1180 646 actione

173 677 315 744 confuso
336 676 443 744 verba
465 679 681 765 correptionis
704 678 817 759 audit,
840 677 976 764 flagella
995 679 1179 766 correptio«

174 779 227 844 nis
240 777 393 863 percipit,
416 787 450 840 et
470 786 583 842 tamen
604 777 648 842 ad
668 788 761 843 recta
778 778 898 843 salutis
921 780 1044 844 itinera
1058 776 1178 844 redire

175 879 367 944 contemnit.
410 876 497 942 Hinc
518 879 651 964 captivo
673 877 862 942 israelitico
884 875 1023 964 populo,
1044 892 1106 942 nec
1124 889 1179 942 ma

64 995 67 1004 ¹
174 993 250 1041 men
275 975 318 1040 ab
339 975 516 1062 iniquitate
537 996 698 1041 converso
720 975 885 1041 Dominus
911 975 1102 1062 exprobrat,
1125 977 1178 1042 di·

174 1093 269 1141 csns:
303 1077 438 1140 Versa
466 1083 532 1140 est
558 1072 654 1138 mihi
682 1074 823 1140 domus
852 1075 991 1140 Israel
1018 1077 1059 1139 in
1091 1095 1178 1140 scm

174 1176 295 1240 riam:
335 1197 472 1238 omnes
506 1175 582 1238 isti
613 1195 682 1238 aes
721 1185 761 1238 et
801 1185 990 1241 stannum
1026 1185 1066 1239 et
1097 1175 1175 1239 fer·

174 1293 259 1340 rum
288 1285 328 1338 et
356 1273 565 1360 plumbum
595 1279 636 1338 in
659 1273 794 1339 medio
823 1273 1025 1341 fornacis.
1052 1277 1077 1360 2)
1125 1276 1177 1338 Ac

174 1375 204 1438 si
226 1384 343 1459 aperte
366 1371 474 1438 dicat:
508 1375 661 1458 Purgare
685 1393 740 1439 eos
761 1392 822 1460 per
844 1375 953 1458 ignem
981 1373 1177 1440 tribulatio-

174 1473 233 1538 nis·
250 1472 358 1554 volui,
393 1485 427 1538 ct
447 1483 622 1557 argentum
645 1473 719 1538 illos
742 1471 796 1538 vel
822 1495 939 1537 surum
971 1473 1043 1538 deri
1072 1495 1176 1559 quae-

174 1574 254 1651 sivi,
281 1559 342 1636 sed
364 1575 398 1636 in
428 1575 566 1656 fornace
588 1573 670 1636 mihi
698 1574 734 1638 in
756 1595 830 1653 aes,
860 1583 1015 1638 stannum
1045 1583 1079 1636 et
1107 1571 1174 1638 fer·
1261 1581 1262 1584 ’

171 1693 245 1736 rum
274 1685 307 1736 et
335 1672 507 1758 plumbum
535 1673 623 1736 versi
654 1683 752 1754 sunt3
787 1673 867 1758 quia
895 1693 961 1736 non
988 1671 1031 1735 ad
1066 1673 1174 1737 virtu·

173 1778 258 1851 tem,
282 1769 339 1834 sed
361 1772 403 1835 ad
424 1771 506 1835 vitia
530 1771 630 1836 ctiam
653 1773 688 1836 in
703 1769 920 1836 tribulatione
937 1781 1170 1858 proruperunt.

172 1867 240 1933 Aes
264 1871 388 1956 qnippe
411 1869 490 1936 dum
511 1875 714 1957 percutitur,
751 1869 893 1958 antpllus
915 1868 1061 1934 metallis
1084 1883 1173 1935 cete-

95 2013 98 2022 ·
173 1967 221 2032 ris
243 1970 387 2034 sonitum
410 1969 526 2034 reddit.
570 1969 638 2050 Qui
660 1970 763 2054 igitur
784 1971 819 2034 in
842 1973 1056 2057 percussione
1083 1973 1171 2056 posi-

170 2079 224 2132 tus
249 2069 393 2154 erumpit
416 2069 459 2133 od
481 2069 622 2135 sonitum
647 2069 936 2150 murmurationis,
968 2070 1004 2134 in
1024 2090 1081 2132 aes
1098 2087 1171 2132 ver·

174 2190 232 2232 sue
264 2181 314 2234 est
342 2171 377 2233 in
398 2169 507 2236 medio
536 2170 695 2235 fornacis.
739 2168 903 2234 Stannum
932 2189 1011 2234 vero
1032 2186 1103 2230 curn
1125 2187 1179 2230 erc

171 2275 246 2331 arte
274 2269 500 2354 componitur,
539 2269 671 2352 argenti
701 2269 845 2354 speciem
880 2269 1043 2332 mentitur.
1098 2263 1174 2344 Qui

170 2383 250 2450 ergo
265 2367 488 2433 simulationis
504 2357 583 2432 vitio
597 2387 664 2431 non
680 2375 772 2430 earet
784 2367 820 2430 in
832 2365 1055 2445 tribulatione,
1079 2375 1169 2429 stan·

171 2483 252 2527 num
273 2465 382 2530 factus
405 2476 456 2530 est
479 2464 681 2530 insomnes.
714 2465 818 2530 Ferro
841 2477 951 2530 autern·
972 2465 1090 2545 utitur,
1113 2463 1173 2548 qui

171 2562 261 2628 vitae
283 2567 429 2651 proximi
451 2564 638 2629 insidiatur.
682 2563 821 2628 Ferrum
842 2565 959 2650 itaque
980 2565 1014 2629 in
1036 2562 1172 2628 fornace

172 2673 242 2742 est,
279 2664 337 2749 qui
366 2661 508 2729 nocendi
537 2660 699 2725 malitiam
728 2685 791 2728 noo
824 2664 946 2729 amittit
974 2664 1010 2728 in
1031 2660 1169 2726 tribula·

171 2763 274 2828 tione.
322 2760 501 2828 Plumbum
531 2781 663 2847 quoque
692 2763 812 2827 ceteris
840 2761 987 2828 metallis
1017 2771 1068 2827 est
1094 2783 1170 2846 gra-

170 2863 257 2926 rius.
302 2862 343 2926 In
365 2853 500 2926 fornace
522 2883 602 2946 ergo
633 2859 805 2947 plumbum
826 2861 1011 2942 invenitur,
1043 2861 1101 2946 qui
1124 2859 1173 2924 sio

170 2962 299 3049 peccati
321 2961 374 3024 sui
396 2958 542 3046 pondere
564 2961 744 3045 premitur,
778 2970 817 3025 ut
838 2962 938 3024 etiam
969 2959 1006 3024 in
1026 2957 1173 3023 tribula·

169 3059 260 3124 tione
281 3059 409 3146 positus
432 3083 451 3122 a
474 3059 620 3124 terrenis
634 3057 812 3124 desideriis
829 3079 896 3123 non
910 3055 1051 3126 levetur.
1082 3055 1175 3122 Hinc

169 3179 303 3246 rursum
332 3158 489 3244 scriptum
517 3169 581 3224 est:
621 3157 758 3226 Multo
788 3155 943 3224 labore
973 3155 1175 3224 sudatum

169 3264 247 3335 est,
271 3265 311 3320 ct
334 3279 413 3322 non
434 3257 572 3322 exivit
594 3255 642 3322 da
666 3279 712 3321 ea
735 3258 864 3323 nimia
887 3257 1042 3342 rubigo
1064 3256 1173 3342 ejus,

169 3375 313 3441 neque
334 3378 407 3442 per
429 3354 614 3442 iguem.·³)
659 3356 777 3440 ignem
800 3359 925 3446 quippe
948 3355 1045 3424 nobis
1067 3353 1172 3422 tribu-

168 3452 303 3522 lationis
334 3455 500 3541 admovet,
535 3465 571 3520 ut
604 3457 639 3522 in
668 3453 766 3521 nobis
797 3456 986 3540 rubiginem
1015 3455 1174 3526 vitiorum
1261 3493 1262 3518 r

173 3596 460 3613 mann-nunt·—

209 3688 218 3716 ·
248 3687 301 3740 ro.
320 3688 361 3749 or,
380 3685 405 3740 s.
424 3711 456 3722 «-
478 3682 497 3746 ·)
516 3683 609 3735 mser.
627 3683 674 3749 22,
692 3682 733 3738 rs.
753 3713 785 3722 -
805 3679 824 3746 ι)
845 3681 938 3735 trees:
956 3679 1006 3744 24,
1025 3678 1070 3732 rs·
1096 3652 1104 3669 “
