2520 4152
511 268 598 308 .,-
639 232 780 300 1761-

169 389 287 460 nundi
315 403 493 464 nascentes
521 417 563 462 ex
584 394 739 480 conjugio
758 393 904 482 ¹repulit,
926 394 1053 464 dicens:
1079 395 1172 464 Hoc

171 488 467 560 aduiilitatem
481 504 662 560 vestram
679 493 786 578 dico,
805 517 886 562 non
903 505 948 560 ut
963 495 1170 582 laqueum

169 585 299 654 vobis
321 591 537 678 injiciam:
558 591 630 657 sed
651 591 703 657 ad
724 592 783 676 id,
806 594 920 680 quod
941 593 1169 662 honestum

168 695 266 768 esi,
298 699 343 758 ct
371 690 485 779 quod
518 689 799 758 facultatem
828 690 1040 778 praebeat
1069 695 1166 762 siue

169 783 483 876 impedimento
515 790 699 858 Domino
726 788 1024 859 observiendi.
1043 789 1068 877 ¹)
1108 791 1167 860 Ex

170 939 462 958 Μ*

244 1049 302 1086 cum
322 1035 377 1102 ipss
393 1029 491 1082 Paulus
517 1031 672 1097 praescribit
688 1032 720 1082 ad
739 1032 789 1083 Tit.
807 1031 830 1098 1,
849 1031 879 1084 8:
905 1030 1055 1100 Oportet
1080 1033 1129 1100 Ep
1141 1033 1168 1085 i-

245 1133 378 1186 scopurn
395 1114 457 1183 (quo
465 1115 566 1167 nomine
584 1121 609 1169 et
621 1116 761 1184 Presbyter
768 1119 1000 1186 comprehenditur,
1018 1115 1064 1170 cir.
1082 1118 1170 1177 Tiriu.

245 1206 276 1255 nd
297 1201 405 1268 l‘lrilipp.
425 1199 448 1267 1,
468 1199 502 1260 1.)
520 1203 755 1255 continentem
774 1217 874 1270 ssse;
901 1202 1004 1271 („etiarn
1022 1202 1056 1255 eb
1073 1206 1170 1258 uxoris

243 1287 378 1357 amplexu
395 1285 476 1354 inquit
494 1285 531 1340 ibi
549 1287 575 1340 S.
593 1287 727 1356 Hierony.)
750 1295 775 1341 et
793 1287 816 1340 1.
835 1289 901 1342 Tira.
917 1288 943 1356 3,
962 1288 994 1342 8:
1020 1288 1171 1357 Oportet

242 1376 409 1428 Diaconos
427 1373 581 1438 pudicos
607 1386 706 1438 esse,
725 1379 749 1426 ct
766 1375 793 1425 2.
811 1375 873 1426 Tim.
891 1375 916 1440 2,
934 1375 964 1428 4:
984 1377 1084 1428 Nemo
1102 1376 1168 1428 mi-

242 1460 360 1512 litans
379 1458 453 1510 Deo
478 1459 636 1528 implicat
659 1474 695 1512 se
719 1461 871 1528 negotiis
897 1460 1169 1530 saecularibus,

241 1544 329 1612 qualia
346 1545 451 1610 nuptias
462 1559 521 1597 esse
539 1550 564 1598 et
581 1560 619 1612 ea,
637 1561 702 1614 qnae
720 1547 825 1614 nuptias
840 1552 991 1614 sequuntur,
1008 1561 1083 1599 nemo
1101 1563 1170 1615 pru·

242 1629 304 1682 deus
322 1628 418 1682 infitias
439 1630 494 1684 ibit.
530 1631 600 1700 Quin
619 1632 695 1683 immo
713 1633 741 1683 in
757 1632 843 1684 Veteri
853 1631 922 1699 Lege
941 1633 1005 1685 adeo
1015 1631 1168 1687 Sacerdotes

242 1719 266 1768 et
282 1715 388 1768 Levitae
411 1717 569 1787 jubebantur
588 1733 616 1770 se
634 1717 764 1770 abstinere
786 1717 819 1770 ab
837 1718 964 1770 uxoribus
983 1723 1035 1770 toto
1053 1723 1162 1786 ternpore

241 1799 306 1853 vicis
330 1792 406 1870 suae,
434 1817 481 1856 seu
506 1803 643 1855 ministerii
669 1803 695 1855 in
719 1802 828 1872 templo;
854 1809 879 1856 et
902 1805 970 1872 quod
995 1803 1109 1872 arnplius
1124 1811 1166 1857 est

241 1887 466 1956 considerandum,
491 1894 520 1941 ut
537 1887 627 1940 liceret
644 1889 776 1942 comedere
795 1905 875 1958 panes
893 1889 1092 1960 propositionis,
1119 1905 1166 1944 re·

240 1973 390 2039 quirebetur
408 1976 460 2028 ista
477 1977 644 2030 continentia.
681 1975 704 2028 1.
723 1976 788 2043 Reg.
805 1975 848 2042 21,
864 1975 890 2028 l.

290 2059 321 2112 In
341 2061 474 2127 primitiva
491 2061 592 2130 quidem
611 2059 745 2130 Ecclesia,
768 2063 836 2130 quod
854 2061 967 2116 coelibes
985 2064 1098 2114 rariores
1117 2075 1168 2114 cs-

239 2149 313 2213 sent,
332 2147 446 2200 ordinari
464 2147 542 2201 etiam
560 2147 677 2201 solebant
694 2149 829 2220 conjugati
846 2148 1007 2214 monogami;
1032 2150 1074 2198 ast
1091 2147 1169 2201 bisce

237 2236 297 2300 post
315 2238 450 2300 susceptos
467 2235 570 2286 ordines
590 2249 679 2288 sacros
703 2234 819 2303 conjugii
835 2249 885 2284 usu
903 2232 1081 2284 abstinendum
1100 2237 1169 2298 erat,

237 2322 268 2369 ul
284 2320 442 2372 unanimiter
460 2317 547 2373 Sancti
566 2321 657 2374 Patrcs
676 2325 812 2382 testantur,
831 2319 896 2369 inter
913 2329 979 2382 quos
997 2313 1024 2364 S.
1040 2313 1166 2379 Epipha-

237 2405 300 2457 nius
317 2405 420 2457 haeresi
438 2405 482 2458 59.
518 2406 626 2460 Graecis
643 2411 740 2470 autem,
767 2402 834 2469 apud
852 2413 917 2467 qnos
942 2397 1086 2450 coelibatus
1106 2397 1167 2466 lex,

239 2505 307 2558 quae
341 2491 498 2560 Episcopus,
535 2491 704 2558 Presbyteros
738 2491 763 2538 et
796 2485 925 2537 Diaconos
960 2481 1168 2550 comprehende-

238 2576 298 2644 bat,
329 2577 362 2628 ad
379 2582 494 2646 tempora
520 2577 575 2632 fere
592 2575 730 2626 Trullanae
748 2569 847 2638 Synodi
865 2569 936 2637 (692)
961 2584 976 2622 a
995 2567 1098 2635 Sergio.
1107 2569 1167 2622 lio-

238 2677 315 2716 rnano
333 2663 457 2717 Pontifico
474 2663 636 2732 reprobatae,
655 2657 751 2723 riguit,
778 2659 870 2724 postea
888 2657 973 2723 quoad
991 2654 1165 2722 Presbytercs

222 2753 265 2801 ¹et
284 2749 415 2803 Diaconos
433 2749 561 2801 indultum
579 2747 625 2808 est,
643 2747 672 2793 ut
689 2740 830 2808 uxoribus,
857 2743 881 2794 si
898 2755 965 2810 quas
981 2747 1042 2794 ante
1058 2741 1162 2794 ordines

239 2839 375 2904 susceptos
393 2835 536 2897 duxissent,
555 2829 631 2881 eliam
653 2834 711 2896 post
727 2834 873 2894 uterentur,
892 2830 929 2881 ita
947 2833 1039 2892 tamen,
1058 2831 1086 2879 ut
1104 2831 1164 2880 aute

238 2921 340 2974 Missae
357 2917 552 2975 celebrationem
562 2913 654 2966 saitem
672 2928 717 2983 per
733 2914 846 2966 triduum
858 2913 1005 2966 abstineant
1022 2912 1055 2965 ab
1072 2925 1166 2982 unpre.

239 3005 295 3060 Gir.
320 3009 407 3061 (tonet.
429 3005 471 3054 dr.
494 3005 554 3050 lom.
580 2999 604 3050 1.
641 3000 752 3053 Bnllarii
767 2999 900 3054 Benedici.
918 3000 990 3052 XIV.
1026 3000 1166 3066 Nunquam

237 3107 301 3147 vero
318 3101 467 3148 concessum
487 3091 526 3137 est
544 3090 603 3155 post
620 3099 709 3138 sacros
722 3086 826 3138 ordines
844 3100 951 3139 uxorem
970 3085 1080 3151 ducere;
1098 3082 1168 3150 quin

237 3178 314 3231 etiam
332 3171 447 3246 praefata
464 3171 620 3226 constitutio
643 3172 833 3224 matrimonium
851 3176 911 3240 post
926 3171 1030 3224 ordines
1048 3167 1168 3221 Subdiu-

238 3269 361 3326 conalus,
384 3259 544 3312 Diaconatue
571 3257 614 3312 rel
635 3258 837 3326 Presbyteretus
861 3261 1021 3310 contractum
1048 3254 1167 3308 declarat

238 3348 340 3400 irritum
357 3349 384 3399 el
400 3345 512 3401 nullum.
528 3371 564 3386 α-
582 3344 709 3413 Quamvis
726 3343 754 3397 S.
764 3342 907 3411 Gregorius
925 3343 1013 3410 potins
1029 3340 1061 3394 ds
1078 3339 1166 3393 coeli·

238 3431 317 3486 batus
335 3431 431 3484 virtute
447 3431 475 3483 in
491 3442 602 3498 genere,
626 3445 703 3501 quem
721 3431 752 3483 de
770 3428 880 3500 speciali
905 3427 1059 3481 clericorum
1076 3423 1166 3478 conti-

238 3517 329 3574 nentia
350 3519 393 3573 bic
414 3521 521 3585 tractet,
544 3517 646 3586 placuit
662 3521 762 3583 nmen,
788 3515 850 3586 quia
866 3518 928 3566 sunt
944 3525 1073 3576 connexa,
1099 3511 1169 3565 haee

219 3617 222 3622 '
238 3619 323 3676 peuce
340 3603 455 3661 notasse.
945 3592 955 3612 ⁸

201 3689 223 3758 ⁸)
239 3691 305 3746 Alit
323 3693 454 3746 deminum
471 3689 633 3746 obsecrandi.
670 3689 694 3742 1:
713 3687 772 3743 Dur.
792 3689 816 3756 l,
833 3685 876 3742 el.
