<?xml version="1.0" encoding="UTF-8"?>
<!DOCTYPE html PUBLIC "-//W3C//DTD XHTML 1.0 Transitional//EN"
    "http://www.w3.org/TR/xhtml1/DTD/xhtml1-transitional.dtd">
<html xmlns="http://www.w3.org/1999/xhtml" xml:lang="en" lang="en">
 <head>
  <title>
</title>
<meta http-equiv="Content-Type" content="text/html;charset=utf-8" />
  <meta name='ocr-system' content='tesseract 3.04.00' />
  <meta name='ocr-capabilities' content='ocr_page ocr_carea ocr_par ocr_line ocrx_word'/>
</head>
<body>
  <div class='ocr_page' id='page_1' title='image "./sgregoriipapaei00westgoog_0210.png"; bbox 0 0 2520 4152; ppageno 0'>
   <div class='ocr_carea' id='block_1_1' title="bbox 489 183 713 251">
    <p class='ocr_par' dir='ltr' id='par_1_1' title="bbox 489 183 713 251">
     <span class='ocr_line' id='line_1_1' title="bbox 489 183 713 251; baseline 0.009 -17"><span class='ocrx_word' id='word_1_1' title='bbox 489 183 713 251; x_wconf 58' lang='lat' dir='ltr'><strong>-1ffl„</strong></span> 
     </span>
    </p>
   </div>
   <div class='ocr_carea' id='block_1_2' title="bbox 91 351 1194 1232">
    <p class='ocr_par' dir='ltr' id='par_1_2' title="bbox 91 351 1194 1232">
     <span class='ocr_line' id='line_1_2' title="bbox 92 351 1099 440; baseline 0.001 -22"><span class='ocrx_word' id='word_1_2' title='bbox 92 355 136 420; x_wconf 83' lang='lat' dir='ltr'><strong>in</strong></span> <span class='ocrx_word' id='word_1_3' title='bbox 155 351 267 419; x_wconf 82' lang='lat' dir='ltr'><strong>lutosa</strong></span> <span class='ocrx_word' id='word_1_4' title='bbox 295 371 386 438; x_wconf 86' lang='lat' dir='ltr'><strong>aqua</strong></span> <span class='ocrx_word' id='word_1_5' title='bbox 410 351 623 436; x_wconf 76' lang='lat' dir='ltr'><strong>semetipsum</strong></span> <span class='ocrx_word' id='word_1_6' title='bbox 644 351 766 434; x_wconf 72' lang='lat' dir='ltr'><strong>volvit,</strong></span> <span class='ocrx_word' id='word_1_7' title='bbox 804 354 885 440; x_wconf 81' lang='lat' dir='ltr'><strong>quia</strong></span> <span class='ocrx_word' id='word_1_8' title='bbox 909 351 988 420; x_wconf 89' lang='lat' dir='ltr'><strong>dum</strong></span> <span class='ocrx_word' id='word_1_9' title='bbox 1008 351 1099 419; x_wconf 60' lang='lat' dir='ltr'><strong>fleti:</strong></span> 
     </span>
     <span class='ocr_line' id='line_1_3' title="bbox 91 450 1101 536; baseline 0.001 -18"><span class='ocrx_word' id='word_1_10' title='bbox 91 451 162 518; x_wconf 81' lang='lat' dir='ltr'><strong>bus</strong></span> <span class='ocrx_word' id='word_1_11' title='bbox 180 452 252 517; x_wconf 80' lang='lat' dir='ltr'><strong>suia</strong></span> <span class='ocrx_word' id='word_1_12' title='bbox 273 451 362 515; x_wconf 85' lang='lat' dir='ltr'><strong>vitae</strong></span> <span class='ocrx_word' id='word_1_13' title='bbox 384 450 579 517; x_wconf 75' lang='lat' dir='ltr'><strong>munditiam</strong></span> <span class='ocrx_word' id='word_1_14' title='bbox 602 450 779 536; x_wconf 85' lang='lat' dir='ltr'><strong>sub-trahit,</strong></span> <span class='ocrx_word' id='word_1_15' title='bbox 801 461 880 519; x_wconf 87' lang='lat' dir='ltr'><strong>ante</strong></span> <span class='ocrx_word' id='word_1_16' title='bbox 892 451 959 518; x_wconf 89' lang='lat' dir='ltr'><strong>Dei</strong></span> <span class='ocrx_word' id='word_1_17' title='bbox 980 450 1101 519; x_wconf 77' lang='lat' dir='ltr'><strong>oculos</strong></span> 
     </span>
     <span class='ocr_line' id='line_1_4' title="bbox 95 548 1095 638; baseline -0.002 -20"><span class='ocrx_word' id='word_1_18' title='bbox 95 549 253 618; x_wconf 76' lang='lat' dir='ltr'><strong>nordidas</strong></span> <span class='ocrx_word' id='word_1_19' title='bbox 275 552 366 635; x_wconf 76' lang='lat' dir='ltr'><strong>ipsas</strong></span> <span class='ocrx_word' id='word_1_20' title='bbox 388 551 488 616; x_wconf 87' lang='lat' dir='ltr'><strong>etiam</strong></span> <span class='ocrx_word' id='word_1_21' title='bbox 516 548 681 638; x_wconf 81' lang='lat' dir='ltr'><strong>lacrymas</strong></span> <span class='ocrx_word' id='word_1_22' title='bbox 711 549 801 616; x_wconf 85' lang='lat' dir='ltr'><strong>facit.</strong></span> <span class='ocrx_word' id='word_1_23' title='bbox 843 549 931 617; x_wconf 90' lang='lat' dir='ltr'><strong>Hinc</strong></span> <span class='ocrx_word' id='word_1_24' title='bbox 962 556 1095 617; x_wconf 83' lang='lat' dir='ltr'><strong>ru‘rsum</strong></span> 
     </span>
     <span class='ocr_line' id='line_1_5' title="bbox 98 647 1100 735; baseline -0.002 -19"><span class='ocrx_word' id='word_1_25' title='bbox 98 650 347 735; x_wconf 78' lang='lat' dir='ltr'><strong>scriptumest:</strong></span> <span class='ocrx_word' id='word_1_26' title='bbox 380 647 437 712; x_wconf 81' lang='lat' dir='ltr'><strong>Ne</strong></span> <span class='ocrx_word' id='word_1_27' title='bbox 463 649 599 714; x_wconf 85' lang='lat' dir='ltr'><strong>iteres</strong></span> <span class='ocrx_word' id='word_1_28' title='bbox 628 647 797 714; x_wconf 88' lang='lat' dir='ltr'><strong>verbum</strong></span> <span class='ocrx_word' id='word_1_29' title='bbox 825 651 867 716; x_wconf 92' lang='lat' dir='ltr'><strong>in</strong></span> <span class='ocrx_word' id='word_1_30' title='bbox 895 651 1100 717; x_wconf 72' lang='lat' dir='ltr'><strong>oratione</strong></span> 
     </span>
     <span class='ocr_line' id='line_1_6' title="bbox 99 743 1100 836; baseline 0.004 -22"><span class='ocrx_word' id='word_1_31' title='bbox 99 758 147 814; x_wconf 82' lang='lat' dir='ltr'><strong>tn</strong></span> <span class='ocrx_word' id='word_1_32' title='bbox 155 770 184 812; x_wconf 87' lang='lat' dir='ltr'><strong>a.</strong></span> <span class='ocrx_word' id='word_1_33' title='bbox 205 743 231 834; x_wconf 84' lang='lat'><strong>²)</strong></span> <span class='ocrx_word' id='word_1_34' title='bbox 262 747 410 815; x_wconf 85' lang='lat' dir='ltr'>Verbum</span> <span class='ocrx_word' id='word_1_35' title='bbox 431 769 577 836; x_wconf 87' lang='lat' dir='ltr'><strong>namque</strong></span> <span class='ocrx_word' id='word_1_36' title='bbox 597 748 633 813; x_wconf 88' lang='lat' dir='ltr'><strong>in</strong></span> <span class='ocrx_word' id='word_1_37' title='bbox 653 750 804 814; x_wconf 87' lang='lat' dir='ltr'><strong>oratione</strong></span> <span class='ocrx_word' id='word_1_38' title='bbox 821 749 943 814; x_wconf 81' lang='lat' dir='ltr'><strong>iterare</strong></span> <span class='ocrx_word' id='word_1_39' title='bbox 959 758 1100 835; x_wconf 83' lang='lat' dir='ltr'><strong>estpost</strong></span> 
     </span>
     <span class='ocr_line' id='line_1_7' title="bbox 99 846 1094 938; baseline -0.001 -23"><span class='ocrx_word' id='word_1_40' title='bbox 99 847 214 915; x_wconf 76' lang='lat' dir='ltr'><strong>flatum</strong></span> <span class='ocrx_word' id='word_1_41' title='bbox 242 846 462 938; x_wconf 82' lang='lat' dir='ltr'><strong>committere,</strong></span> <span class='ocrx_word' id='word_1_42' title='bbox 496 846 586 935; x_wconf 89' lang='lat' dir='ltr'><strong>quod</strong></span> <span class='ocrx_word' id='word_1_43' title='bbox 614 869 746 914; x_wconf 85' lang='lat' dir='ltr'><strong>rursum</strong></span> <span class='ocrx_word' id='word_1_44' title='bbox 774 869 911 914; x_wconf 85' lang='lat' dir='ltr'><strong>necesse</strong></span> <span class='ocrx_word' id='word_1_45' title='bbox 940 849 983 914; x_wconf 86' lang='lat' dir='ltr'><strong>sit</strong></span> <span class='ocrx_word' id='word_1_46' title='bbox 1003 847 1094 914; x_wconf 84' lang='lat' dir='ltr'><strong>flere.</strong></span> 
     </span>
     <span class='ocr_line' id='line_1_8' title="bbox 99 944 1098 1032; baseline -0.003 -18"><span class='ocrx_word' id='word_1_47' title='bbox 99 947 189 1014; x_wconf 81' lang='lat' dir='ltr'><strong>Hinc</strong></span> <span class='ocrx_word' id='word_1_48' title='bbox 215 966 277 1032; x_wconf 85' lang='lat' dir='ltr'><strong>per</strong></span> <span class='ocrx_word' id='word_1_49' title='bbox 306 944 431 1011; x_wconf 85' lang='lat' dir='ltr'><strong>Isaiam</strong></span> <span class='ocrx_word' id='word_1_50' title='bbox 463 944 601 1013; x_wconf 85' lang='lat' dir='ltr'><strong>dicitur:</strong></span> <span class='ocrx_word' id='word_1_51' title='bbox 639 945 904 1030; x_wconf 85' lang='lat' dir='ltr'><strong>Lavarnini,</strong></span> <span class='ocrx_word' id='word_1_52' title='bbox 937 945 1098 1013; x_wconf 83' lang='lat' dir='ltr'><strong>mundi</strong></span> 
     </span>
     <span class='ocr_line' id='line_1_9' title="bbox 100 1040 1194 1132; baseline -0.002 -21"><span class='ocrx_word' id='word_1_53' title='bbox 100 1055 249 1113; x_wconf 81' lang='lat' dir='ltr'><strong>estote.</strong></span> <span class='ocrx_word' id='word_1_54' title='bbox 275 1042 317 1132; x_wconf 75' lang='lat'><strong>²).</strong></span> <span class='ocrx_word' id='word_1_55' title='bbox 346 1045 427 1110; x_wconf 86' lang='lat' dir='ltr'><strong>Post</strong></span> <span class='ocrx_word' id='word_1_56' title='bbox 453 1045 622 1112; x_wconf 79' lang='lat' dir='ltr'>lavacrum</span> <span class='ocrx_word' id='word_1_57' title='bbox 649 1046 736 1109; x_wconf 91' lang='lat' dir='ltr'><strong>enim</strong></span> <span class='ocrx_word' id='word_1_58' title='bbox 766 1040 909 1126; x_wconf 80' lang='lat' dir='ltr'><strong>mundus</strong></span> <span class='ocrx_word' id='word_1_59' title='bbox 935 1067 1007 1112; x_wconf 83' lang='lat' dir='ltr'><strong>esse</strong></span> <span class='ocrx_word' id='word_1_60' title='bbox 1035 1066 1094 1110; x_wconf 87' lang='lat' dir='ltr'><strong>ne·</strong></span> <span class='ocrx_word' id='word_1_61' title='bbox 1191 1113 1194 1124; x_wconf 60' lang='grc'>,</span> 
     </span>
     <span class='ocr_line' id='line_1_10' title="bbox 101 1142 1101 1232; baseline 0.002 -24"><span class='ocrx_word' id='word_1_62' title='bbox 101 1144 215 1232; x_wconf 76' lang='lat' dir='ltr'><strong>gligit,</strong></span> <span class='ocrx_word' id='word_1_63' title='bbox 239 1144 392 1230; x_wconf 85' lang='lat' dir='ltr'><strong>quisquis</strong></span> <span class='ocrx_word' id='word_1_64' title='bbox 413 1155 488 1230; x_wconf 84' lang='lat' dir='ltr'><strong>post</strong></span> <span class='ocrx_word' id='word_1_65' title='bbox 502 1142 668 1231; x_wconf 78' lang='lat' dir='ltr'><strong>lacrymas</strong></span> <span class='ocrx_word' id='word_1_66' title='bbox 684 1145 773 1210; x_wconf 86' lang='lat' dir='ltr'><strong>vitae</strong></span> <span class='ocrx_word' id='word_1_67' title='bbox 789 1145 1013 1212; x_wconf 79' lang='lat' dir='ltr'><strong>innocentiam</strong></span> <span class='ocrx_word' id='word_1_68' title='bbox 1027 1165 1101 1210; x_wconf 83' lang='lat' dir='ltr'><strong>nou</strong></span> 
     </span>
    </p>
   </div>
   <div class='ocr_carea' id='block_1_3' title="bbox 98 1241 1239 1334">
    <p class='ocr_par' dir='ltr' id='par_1_3' title="bbox 98 1241 1239 1334">
     <span class='ocr_line' id='line_1_11' title="bbox 98 1241 1239 1334; baseline 0.003 -23"><span class='ocrx_word' id='word_1_69' title='bbox 98 1242 253 1312; x_wconf 81' lang='lat' dir='ltr'><strong>custodit</strong></span> <span class='ocrx_word' id='word_1_70' title='bbox 297 1243 342 1308; x_wconf 81' lang='lat' dir='ltr'><strong>Et</strong></span> <span class='ocrx_word' id='word_1_71' title='bbox 362 1241 520 1309; x_wconf 79' lang='lat' dir='ltr'><strong>lavantur</strong></span> <span class='ocrx_word' id='word_1_72' title='bbox 541 1265 639 1328; x_wconf 83' lang='lat' dir='ltr'><strong>ergo,</strong></span> <span class='ocrx_word' id='word_1_73' title='bbox 673 1253 708 1308; x_wconf 87' lang='lat' dir='ltr'><strong>et</strong></span> <span class='ocrx_word' id='word_1_74' title='bbox 736 1267 949 1334; x_wconf 81' lang='lat' dir='ltr'><strong>nequaquam</strong></span> <span class='ocrx_word' id='word_1_75' title='bbox 976 1241 1109 1314; x_wconf 79' lang='lat' dir='ltr'><strong>mundi,</strong></span> <span class='ocrx_word' id='word_1_76' title='bbox 1233 1307 1239 1314; x_wconf 94' lang='lat'>.</span> 
     </span>
    </p>
   </div>
   <div class='ocr_carea' id='block_1_4' title="bbox 24 1338 1113 3413">
    <p class='ocr_par' dir='ltr' id='par_1_4' title="bbox 98 1338 1103 2026">
     <span class='ocr_line' id='line_1_12' title="bbox 101 1338 1103 1428; baseline 0 -18"><span class='ocrx_word' id='word_1_77' title='bbox 101 1352 197 1424; x_wconf 81' lang='lat' dir='ltr'><strong>suut,</strong></span> <span class='ocrx_word' id='word_1_78' title='bbox 220 1343 279 1428; x_wconf 90' lang='lat' dir='ltr'><strong>qui</strong></span> <span class='ocrx_word' id='word_1_79' title='bbox 298 1341 472 1408; x_wconf 83' lang='lat' dir='ltr'><strong>commissa</strong></span> <span class='ocrx_word' id='word_1_80' title='bbox 493 1342 572 1406; x_wconf 85' lang='lat' dir='ltr'><strong>flere</strong></span> <span class='ocrx_word' id='word_1_81' title='bbox 592 1363 662 1408; x_wconf 85' lang='lat' dir='ltr'><strong>non</strong></span> <span class='ocrx_word' id='word_1_82' title='bbox 685 1338 859 1426; x_wconf 87' lang='lat' dir='ltr'><strong>desinunt,</strong></span> <span class='ocrx_word' id='word_1_83' title='bbox 891 1343 950 1409; x_wconf 84' lang='lat' dir='ltr'><strong>sed</strong></span> <span class='ocrx_word' id='word_1_84' title='bbox 976 1363 1103 1410; x_wconf 79' lang='lat' dir='ltr'><strong>rursus</strong></span> 
     </span>
     <span class='ocr_line' id='line_1_13' title="bbox 100 1440 1097 1529; baseline -0.002 -21"><span class='ocrx_word' id='word_1_85' title='bbox 100 1441 214 1508; x_wconf 83' lang='lat' dir='ltr'><strong>denda</strong></span> <span class='ocrx_word' id='word_1_86' title='bbox 243 1440 455 1507; x_wconf 85' lang='lat' dir='ltr'><strong>committunt.</strong></span> <span class='ocrx_word' id='word_1_87' title='bbox 498 1441 587 1507; x_wconf 86' lang='lat' dir='ltr'><strong>Hinc</strong></span> <span class='ocrx_word' id='word_1_88' title='bbox 614 1463 678 1527; x_wconf 78' lang='lat' dir='ltr'><strong>per</strong></span> <span class='ocrx_word' id='word_1_89' title='bbox 707 1441 882 1529; x_wconf 85' lang='lat' dir='ltr'><strong>quemdam</strong></span> <span class='ocrx_word' id='word_1_90' title='bbox 911 1444 1097 1529; x_wconf 87' lang='lat' dir='ltr'><strong>sapientem</strong></span> 
     </span>
     <span class='ocr_line' id='line_1_14' title="bbox 102 1539 1102 1626; baseline -0.001 -18"><span class='ocrx_word' id='word_1_91' title='bbox 102 1540 235 1608; x_wconf 87' lang='lat' dir='ltr'><strong>dicitur:</strong></span> <span class='ocrx_word' id='word_1_92' title='bbox 257 1539 338 1622; x_wconf 76' lang='lat' dir='ltr'><strong>Qui</strong></span> <span class='ocrx_word' id='word_1_93' title='bbox 359 1539 613 1626; x_wconf 78' lang='lat' dir='ltr'><strong>baptizatur</strong></span> <span class='ocrx_word' id='word_1_94' title='bbox 634 1562 655 1606; x_wconf 92' lang='lat' dir='ltr'><strong>a</strong></span> <span class='ocrx_word' id='word_1_95' title='bbox 675 1551 855 1623; x_wconf 86' lang='lat' dir='ltr'><strong>mortuo,</strong></span> <span class='ocrx_word' id='word_1_96' title='bbox 880 1553 921 1608; x_wconf 93' lang='lat' dir='ltr'><strong>et</strong></span> <span class='ocrx_word' id='word_1_97' title='bbox 940 1543 1102 1608; x_wconf 85' lang='lat' dir='ltr'><strong>iterum</strong></span> 
     </span>
     <span class='ocr_line' id='line_1_15' title="bbox 100 1636 1102 1728; baseline -0.004 -20"><span class='ocrx_word' id='word_1_98' title='bbox 100 1642 244 1726; x_wconf 78' lang='lat' dir='ltr'><strong>tangit</strong></span> <span class='ocrx_word' id='word_1_99' title='bbox 265 1638 400 1722; x_wconf 88' lang='lat' dir='ltr'><strong>illum,</strong></span> <span class='ocrx_word' id='word_1_100' title='bbox 427 1637 526 1726; x_wconf 90' lang='lat' dir='ltr'><strong>qnid</strong></span> <span class='ocrx_word' id='word_1_101' title='bbox 548 1638 725 1727; x_wconf 79' lang='lat' dir='ltr'><strong>proficit</strong></span> <span class='ocrx_word' id='word_1_102' title='bbox 748 1638 915 1707; x_wconf 86' lang='lat' dir='ltr'><strong>lavatio</strong></span> <span class='ocrx_word' id='word_1_103' title='bbox 933 1641 1049 1728; x_wconf 82' lang='lat' dir='ltr'><strong>ejus?</strong></span> <span class='ocrx_word' id='word_1_104' title='bbox 1067 1636 1102 1726; x_wconf 78' lang='lat'><strong>³)</strong></span> 
     </span>
     <span class='ocr_line' id='line_1_16' title="bbox 98 1737 1102 1828; baseline -0.005 -20"><span class='ocrx_word' id='word_1_105' title='bbox 98 1741 299 1828; x_wconf 74' lang='lat' dir='ltr'><strong>Baptizatur</strong></span> <span class='ocrx_word' id='word_1_106' title='bbox 320 1740 448 1826; x_wconf 88' lang='lat' dir='ltr'><strong>quippe</strong></span> <span class='ocrx_word' id='word_1_107' title='bbox 469 1758 491 1802; x_wconf 79' lang='lat' dir='ltr'><strong>a</strong></span> <span class='ocrx_word' id='word_1_108' title='bbox 511 1747 658 1820; x_wconf 88' lang='lat' dir='ltr'><strong>mortuo,</strong></span> <span class='ocrx_word' id='word_1_109' title='bbox 681 1739 740 1824; x_wconf 90' lang='lat' dir='ltr'><strong>qui</strong></span> <span class='ocrx_word' id='word_1_110' title='bbox 760 1738 938 1807; x_wconf 86' lang='lat' dir='ltr'><strong>mundatur</strong></span> <span class='ocrx_word' id='word_1_111' title='bbox 959 1737 1102 1804; x_wconf 79' lang='lat' dir='ltr'><strong>fletibus</strong></span> 
     </span>
     <span class='ocr_line' id='line_1_17' title="bbox 102 1835 1097 1924; baseline -0.004 -20"><span class='ocrx_word' id='word_1_112' title='bbox 102 1861 123 1904; x_wconf 83' lang='lat' dir='ltr'><strong>a</strong></span> <span class='ocrx_word' id='word_1_113' title='bbox 142 1849 280 1924; x_wconf 82' lang='lat' dir='ltr'><strong>peccato</strong></span> <span class='ocrx_word' id='word_1_114' title='bbox 292 1861 301 1904; x_wconf 86' lang='lat' dir='ltr'><strong>t</strong></span> <span class='ocrx_word' id='word_1_115' title='bbox 314 1838 383 1904; x_wconf 77' lang='lat' dir='ltr'><strong>ned</strong></span> <span class='ocrx_word' id='word_1_116' title='bbox 404 1847 480 1924; x_wconf 86' lang='lat' dir='ltr'><strong>post</strong></span> <span class='ocrx_word' id='word_1_117' title='bbox 500 1836 668 1923; x_wconf 87' lang='lat' dir='ltr'><strong>baptisma</strong></span> <span class='ocrx_word' id='word_1_118' title='bbox 689 1845 855 1904; x_wconf 85' lang='lat' dir='ltr'><strong>mortuum</strong></span> <span class='ocrx_word' id='word_1_119' title='bbox 874 1838 1002 1922; x_wconf 86' lang='lat' dir='ltr'><strong>tangit,</strong></span> <span class='ocrx_word' id='word_1_120' title='bbox 1035 1835 1097 1924; x_wconf 87' lang='lat' dir='ltr'><strong>qui</strong></span> 
     </span>
     <span class='ocr_line' id='line_1_18' title="bbox 103 1936 663 2026; baseline -0.009 -22"><span class='ocrx_word' id='word_1_121' title='bbox 103 1937 234 2026; x_wconf 85' lang='lat' dir='ltr'><strong>culpam</strong></span> <span class='ocrx_word' id='word_1_122' title='bbox 255 1948 333 2024; x_wconf 80' lang='lat' dir='ltr'><strong>pont</strong></span> <span class='ocrx_word' id='word_1_123' title='bbox 351 1936 510 2002; x_wconf 84' lang='lat' dir='ltr'><strong>lacrimas</strong></span> <span class='ocrx_word' id='word_1_124' title='bbox 531 1937 663 2022; x_wconf 82' lang='lat' dir='ltr'><strong>repetit</strong></span> 
     </span>
    </p>

    <p class='ocr_par' dir='ltr' id='par_1_5' title="bbox 24 2035 1113 3413">
     <span class='ocr_line' id='line_1_19' title="bbox 164 2035 1096 2122; baseline -0.002 -20"><span class='ocrx_word' id='word_1_125' title='bbox 164 2035 373 2104; x_wconf 87' lang='lat' dir='ltr'><strong>Admonendi</strong></span> <span class='ocrx_word' id='word_1_126' title='bbox 393 2045 489 2118; x_wconf 85' lang='lat' dir='ltr'><strong>sunt,</strong></span> <span class='ocrx_word' id='word_1_127' title='bbox 513 2037 572 2122; x_wconf 88' lang='lat' dir='ltr'><strong>qui</strong></span> <span class='ocrx_word' id='word_1_128' title='bbox 593 2035 740 2101; x_wconf 89' lang='lat' dir='ltr'><strong>admissa</strong></span> <span class='ocrx_word' id='word_1_129' title='bbox 760 2035 938 2120; x_wconf 86' lang='lat' dir='ltr'><strong>plangunt,</strong></span> <span class='ocrx_word' id='word_1_130' title='bbox 961 2057 1024 2101; x_wconf 88' lang='lat' dir='ltr'><strong>nec</strong></span> <span class='ocrx_word' id='word_1_131' title='bbox 1042 2045 1096 2100; x_wconf 85' lang='lat' dir='ltr'><strong>ta·</strong></span> 
     </span>
     <span class='ocr_line' id='line_1_20' title="bbox 104 2131 1099 2220; baseline -0.004 -18"><span class='ocrx_word' id='word_1_132' title='bbox 104 2159 182 2210; x_wconf 82' lang='lat' dir='ltr'><strong>men</strong></span> <span class='ocrx_word' id='word_1_133' title='bbox 203 2135 377 2216; x_wconf 82' lang='lat' dir='ltr'><strong>deserunt,</strong></span> <span class='ocrx_word' id='word_1_134' title='bbox 399 2147 437 2202; x_wconf 91' lang='lat' dir='ltr'><strong>ut</strong></span> <span class='ocrx_word' id='word_1_135' title='bbox 457 2143 536 2201; x_wconf 86' lang='lat' dir='ltr'><strong>ante</strong></span> <span class='ocrx_word' id='word_1_136' title='bbox 558 2133 700 2200; x_wconf 87' lang='lat' dir='ltr'><strong>districti</strong></span> <span class='ocrx_word' id='word_1_137' title='bbox 716 2131 840 2220; x_wconf 84' lang='lat' dir='ltr'><strong>judicis</strong></span> <span class='ocrx_word' id='word_1_138' title='bbox 863 2132 977 2200; x_wconf 83' lang='lat' dir='ltr'><strong>oculos</strong></span> <span class='ocrx_word' id='word_1_139' title='bbox 994 2135 1043 2199; x_wconf 87' lang='lat' dir='ltr'><strong>ei&#39;s</strong></span> <span class='ocrx_word' id='word_1_140' title='bbox 1058 2154 1099 2198; x_wconf 83' lang='lat' dir='ltr'><strong>se-</strong></span> 
     </span>
     <span class='ocr_line' id='line_1_21' title="bbox 104 2233 1103 2321; baseline -0.004 -20"><span class='ocrx_word' id='word_1_141' title='bbox 104 2257 178 2301; x_wconf 82' lang='lat' dir='ltr'><strong>esse</strong></span> <span class='ocrx_word' id='word_1_142' title='bbox 200 2234 320 2302; x_wconf 87' lang='lat' dir='ltr'><strong>similes</strong></span> <span class='ocrx_word' id='word_1_143' title='bbox 338 2243 533 2321; x_wconf 85' lang='lat' dir='ltr'><strong>agnoscant,</strong></span> <span class='ocrx_word' id='word_1_144' title='bbox 557 2233 615 2320; x_wconf 94' lang='lat' dir='ltr'><strong>qui</strong></span> <span class='ocrx_word' id='word_1_145' title='bbox 628 2233 803 2299; x_wconf 82' lang='lat' dir='ltr'><strong>venientes</strong></span> <span class='ocrx_word' id='word_1_146' title='bbox 822 2233 997 2298; x_wconf 85' lang='lat' dir='ltr'><strong>adfaciem</strong></span> <span class='ocrx_word' id='word_1_147' title='bbox 1016 2253 1103 2319; x_wconf 77' lang='lat' dir='ltr'><strong>quo-</strong></span> 
     </span>
     <span class='ocr_line' id='line_1_22' title="bbox 102 2332 1100 2419; baseline -0.003 -17"><span class='ocrx_word' id='word_1_148' title='bbox 102 2335 254 2402; x_wconf 88' lang='lat' dir='ltr'><strong>rumdam</strong></span> <span class='ocrx_word' id='word_1_149' title='bbox 284 2335 475 2417; x_wconf 87' lang='lat' dir='ltr'><strong>hominum,</strong></span> <span class='ocrx_word' id='word_1_150' title='bbox 507 2355 631 2419; x_wconf 85' lang='lat' dir='ltr'><strong>magna</strong></span> <span class='ocrx_word' id='word_1_151' title='bbox 665 2336 714 2398; x_wconf 88' lang='lat' dir='ltr'><strong>eis</strong></span> <span class='ocrx_word' id='word_1_152' title='bbox 748 2332 968 2400; x_wconf 80' lang='lat' dir='ltr'><strong>submissione</strong></span> <span class='ocrx_word' id='word_1_153' title='bbox 1000 2333 1100 2399; x_wconf 84' lang='lat' dir='ltr'><strong>blan·</strong></span> 
     </span>
     <span class='ocr_line' id='line_1_23' title="bbox 105 2432 1096 2518; baseline -0.003 -19"><span class='ocrx_word' id='word_1_154' title='bbox 105 2435 256 2518; x_wconf 81' lang='lat' dir='ltr'><strong>diuntur3</strong></span> <span class='ocrx_word' id='word_1_155' title='bbox 292 2435 487 2501; x_wconf 73' lang='lat' dir='ltr'><strong>resudantes</strong></span> <span class='ocrx_word' id='word_1_156' title='bbox 520 2445 632 2500; x_wconf 86' lang='lat' dir='ltr'><strong>autam</strong></span> <span class='ocrx_word' id='word_1_157' title='bbox 667 2433 858 2500; x_wconf 84' lang='lat' dir='ltr'><strong>inimicitias</strong></span> <span class='ocrx_word' id='word_1_158' title='bbox 891 2454 931 2498; x_wconf 91' lang='lat' dir='ltr'><strong>ac</strong></span> <span class='ocrx_word' id='word_1_159' title='bbox 961 2432 1096 2515; x_wconf 87' lang='lat' dir='ltr'><strong>damna,</strong></span> 
     </span>
     <span class='ocr_line' id='line_1_24' title="bbox 105 2529 1101 2621; baseline -0.005 -21"><span class='ocrx_word' id='word_1_160' title='bbox 105 2555 192 2621; x_wconf 88' lang='lat' dir='ltr'><strong>quae</strong></span> <span class='ocrx_word' id='word_1_161' title='bbox 214 2534 341 2615; x_wconf 78' lang='lat' dir='ltr'><strong>valant,</strong></span> <span class='ocrx_word' id='word_1_162' title='bbox 364 2537 521 2603; x_wconf 84' lang='lat' dir='ltr'><strong>atrociter</strong></span> <span class='ocrx_word' id='word_1_163' title='bbox 542 2533 700 2601; x_wconf 84' lang='lat' dir='ltr'><strong>inferunt.</strong></span> <span class='ocrx_word' id='word_1_164' title='bbox 742 2531 833 2614; x_wconf 79' lang='lat' dir='ltr'><strong>Quid</strong></span> <span class='ocrx_word' id='word_1_165' title='bbox 853 2540 906 2600; x_wconf 49' lang='lat' dir='ltr'><strong>¹est</strong></span> <span class='ocrx_word' id='word_1_166' title='bbox 927 2533 1014 2597; x_wconf 87' lang='lat' dir='ltr'><strong>enim</strong></span> <span class='ocrx_word' id='word_1_167' title='bbox 1029 2529 1101 2596; x_wconf 83' lang='lat' dir='ltr'><strong>cul·</strong></span> 
     </span>
     <span class='ocr_line' id='line_1_25' title="bbox 103 2629 1104 2722; baseline -0.003 -23"><span class='ocrx_word' id='word_1_168' title='bbox 103 2656 181 2722; x_wconf 88' lang='lat' dir='ltr'><strong>pam</strong></span> <span class='ocrx_word' id='word_1_169' title='bbox 213 2633 314 2715; x_wconf 87' lang='lat' dir='ltr'><strong>flere,</strong></span> <span class='ocrx_word' id='word_1_170' title='bbox 338 2635 419 2700; x_wconf 56' lang='lat' dir='ltr'><strong>*nisi</strong></span> <span class='ocrx_word' id='word_1_171' title='bbox 445 2632 665 2700; x_wconf 88' lang='lat' dir='ltr'><strong>humilitatem</strong></span> <span class='ocrx_word' id='word_1_172' title='bbox 699 2632 774 2699; x_wconf 91' lang='lat' dir='ltr'><strong>Deo</strong></span> <span class='ocrx_word' id='word_1_173' title='bbox 804 2653 885 2698; x_wconf 89' lang='lat' dir='ltr'><strong>suae</strong></span> <span class='ocrx_word' id='word_1_174' title='bbox 913 2629 1104 2696; x_wconf 78' lang='lat' dir='ltr'><strong>devotionis</strong></span> 
     </span>
     <span class='ocr_line' id='line_1_26' title="bbox 104 2729 1105 2820; baseline -0.007 -22"><span class='ocrx_word' id='word_1_175' title='bbox 104 2729 303 2798; x_wconf 79' lang='lat' dir='ltr'><strong>ostendere?</strong></span> <span class='ocrx_word' id='word_1_176' title='bbox 343 2733 388 2798; x_wconf 83' lang='lat' dir='ltr'><strong>Et</strong></span> <span class='ocrx_word' id='word_1_177' title='bbox 417 2734 498 2820; x_wconf 90' lang='lat' dir='ltr'><strong>quid</strong></span> <span class='ocrx_word' id='word_1_178' title='bbox 526 2743 577 2798; x_wconf 85' lang='lat' dir='ltr'><strong>est</strong></span> <span class='ocrx_word' id='word_1_179' title='bbox 606 2741 681 2819; x_wconf 87' lang='lat' dir='ltr'><strong>post</strong></span> <span class='ocrx_word' id='word_1_180' title='bbox 709 2730 821 2796; x_wconf 89' lang='lat' dir='ltr'><strong>fletum</strong></span> <span class='ocrx_word' id='word_1_181' title='bbox 850 2749 958 2817; x_wconf 85' lang='lat' dir='ltr'><strong>prava</strong></span> <span class='ocrx_word' id='word_1_182' title='bbox 986 2735 1105 2814; x_wconf 69' lang='lat' dir='ltr'><strong>agerer</strong></span> 
     </span>
     <span class='ocr_line' id='line_1_27' title="bbox 104 2828 1109 2917; baseline -0.006 -19"><span class='ocrx_word' id='word_1_183' title='bbox 104 2831 171 2898; x_wconf 86' lang='lat' dir='ltr'><strong>uisi</strong></span> <span class='ocrx_word' id='word_1_184' title='bbox 192 2830 356 2916; x_wconf 85' lang='lat' dir='ltr'><strong>superbas</strong></span> <span class='ocrx_word' id='word_1_185' title='bbox 375 2833 412 2898; x_wconf 90' lang='lat' dir='ltr'><strong>in</strong></span> <span class='ocrx_word' id='word_1_186' title='bbox 434 2855 529 2916; x_wconf 90' lang='lat' dir='ltr'><strong>eum,</strong></span> <span class='ocrx_word' id='word_1_187' title='bbox 563 2851 659 2917; x_wconf 81' lang='lat' dir='ltr'><strong>quem</strong></span> <span class='ocrx_word' id='word_1_188' title='bbox 680 2839 874 2914; x_wconf 85' lang='lat' dir='ltr'><strong>rogaverat,</strong></span> <span class='ocrx_word' id='word_1_189' title='bbox 907 2828 1109 2894; x_wconf 82' lang='lat' dir='ltr'><strong>inimicitias·</strong></span> 
     </span>
     <span class='ocr_line' id='line_1_28' title="bbox 106 2927 1100 3013; baseline -0.01 -15"><span class='ocrx_word' id='word_1_190' title='bbox 106 2933 289 2998; x_wconf 78' lang='lat' dir='ltr'><strong>exercere?</strong></span> <span class='ocrx_word' id='word_1_191' title='bbox 313 2931 443 2998; x_wconf 80' lang='lat' dir='ltr'><strong>dacobo</strong></span> <span class='ocrx_word' id='word_1_192' title='bbox 459 2939 652 3011; x_wconf 82' lang='lat' dir='ltr'><strong>attestante,</strong></span> <span class='ocrx_word' id='word_1_193' title='bbox 676 2930 735 3013; x_wconf 89' lang='lat' dir='ltr'><strong>qui</strong></span> <span class='ocrx_word' id='word_1_194' title='bbox 749 2928 809 2993; x_wconf 85' lang='lat' dir='ltr'><strong>ait:</strong></span> <span class='ocrx_word' id='word_1_195' title='bbox 833 2927 1100 3011; x_wconf 79' lang='lat' dir='ltr'><strong>Quicumque</strong></span> 
     </span>
     <span class='ocr_line' id='line_1_29' title="bbox 104 3017 1110 3111; baseline -0.011 -14"><span class='ocrx_word' id='word_1_196' title='bbox 104 3030 286 3097; x_wconf 86' lang='lat' dir='ltr'><strong>voluerit</strong></span> <span class='ocrx_word' id='word_1_197' title='bbox 307 3033 462 3094; x_wconf 85' lang='lat' dir='ltr'><strong>amicus</strong></span> <span class='ocrx_word' id='word_1_198' title='bbox 484 3049 580 3095; x_wconf 80' lang='lat' dir='ltr'><strong>essa</strong></span> <span class='ocrx_word' id='word_1_199' title='bbox 600 3017 767 3092; x_wconf 75' lang='lat' dir='ltr'><strong>saeculi</strong></span> <span class='ocrx_word' id='word_1_200' title='bbox 789 3025 936 3111; x_wconf 85' lang='lat' dir='ltr'><strong>hujus,</strong></span> <span class='ocrx_word' id='word_1_201' title='bbox 958 3023 1110 3088; x_wconf 83' lang='lat' dir='ltr'><strong>inimi·=</strong></span> 
     </span>
     <span class='ocr_line' id='line_1_30' title="bbox 104 3120 1098 3213; baseline -0.01 -17"><span class='ocrx_word' id='word_1_202' title='bbox 104 3151 176 3196; x_wconf 85' lang='lat' dir='ltr'><strong>cue</strong></span> <span class='ocrx_word' id='word_1_203' title='bbox 196 3126 277 3192; x_wconf 85' lang='lat' dir='ltr'><strong>Dei</strong></span> <span class='ocrx_word' id='word_1_204' title='bbox 299 3129 591 3194; x_wconf 82' lang='lat' dir='ltr'><strong>constituitur.</strong></span> <span class='ocrx_word' id='word_1_205' title='bbox 609 3123 638 3213; x_wconf 70' lang='lat'><strong>¹³)</strong></span> <span class='ocrx_word' id='word_1_206' title='bbox 681 3122 890 3190; x_wconf 88' lang='lat' dir='ltr'><strong>Admonendi</strong></span> <span class='ocrx_word' id='word_1_207' title='bbox 912 3132 1007 3206; x_wconf 85' lang='lat' dir='ltr'><strong>suut,</strong></span> <span class='ocrx_word' id='word_1_208' title='bbox 1039 3120 1098 3208; x_wconf 88' lang='lat' dir='ltr'><strong>qni</strong></span> 
     </span>
     <span class='ocr_line' id='line_1_31' title="bbox 24 3220 1101 3313; baseline -0.006 -21"><span class='ocrx_word' id='word_1_209' title='bbox 24 3224 28 3230; x_wconf 82' lang='grc'><strong>’</strong></span> <span class='ocrx_word' id='word_1_210' title='bbox 104 3225 252 3292; x_wconf 80' lang='lat' dir='ltr'><strong>admissa</strong></span> <span class='ocrx_word' id='word_1_211' title='bbox 273 3226 456 3313; x_wconf 82' lang='lat' dir='ltr'><strong>plangunt,</strong></span> <span class='ocrx_word' id='word_1_212' title='bbox 480 3247 542 3306; x_wconf 87' lang='lat' dir='ltr'><strong>nec</strong></span> <span class='ocrx_word' id='word_1_213' title='bbox 562 3234 675 3292; x_wconf 88' lang='lat' dir='ltr'><strong>tamen</strong></span> <span class='ocrx_word' id='word_1_214' title='bbox 697 3223 871 3306; x_wconf 81' lang='lat' dir='ltr'><strong>deserunt,</strong></span> <span class='ocrx_word' id='word_1_215' title='bbox 897 3232 935 3286; x_wconf 91' lang='lat' dir='ltr'><strong>ut</strong></span> <span class='ocrx_word' id='word_1_216' title='bbox 957 3220 1101 3287; x_wconf 81' lang='lat' dir='ltr'><strong>sollicite</strong></span> 
     </span>
     <span class='ocr_line' id='line_1_32' title="bbox 103 3319 1113 3413; baseline -0.012 -17"><span class='ocrx_word' id='word_1_217' title='bbox 103 3326 332 3407; x_wconf 75' lang='lat' dir='ltr'><strong>considerent,</strong></span> <span class='ocrx_word' id='word_1_218' title='bbox 355 3326 437 3413; x_wconf 89' lang='lat' dir='ltr'><strong>quia</strong></span> <span class='ocrx_word' id='word_1_219' title='bbox 459 3327 506 3391; x_wconf 88' lang='lat' dir='ltr'><strong>ita</strong></span> <span class='ocrx_word' id='word_1_220' title='bbox 521 3325 719 3412; x_wconf 87' lang='lat' dir='ltr'><strong>plerumque</strong></span> <span class='ocrx_word' id='word_1_221' title='bbox 734 3321 813 3387; x_wconf 88' lang='lat' dir='ltr'><strong>mali</strong></span> <span class='ocrx_word' id='word_1_222' title='bbox 829 3319 993 3388; x_wconf 85' lang='lat' dir='ltr'><strong>inutiliter</strong></span> <span class='ocrx_word' id='word_1_223' title='bbox 1011 3331 1113 3386; x_wconf 43' lang='lat' dir='ltr'><strong>com*</strong></span> 
     </span>
    </p>
   </div>
   <div class='ocr_carea' id='block_1_5' title="bbox 78 3549 1101 3712">
    <p class='ocr_par' dir='ltr' id='par_1_6' title="bbox 78 3549 1101 3712">
     <span class='ocr_line' id='line_1_33' title="bbox 78 3549 1101 3632; baseline -0.011 -19"><span class='ocrx_word' id='word_1_224' title='bbox 78 3549 1101 3632; x_wconf 17' lang='lat' dir='ltr'><strong>yummmfftmum-wmmm-mm</strong></span> 
     </span>
     <span class='ocr_line' id='line_1_34' title="bbox 173 3643 1034 3712; baseline -0.023 -40"><span class='ocrx_word' id='word_1_225' title='bbox 173 3643 407 3712; x_wconf 51' lang='lat' dir='ltr'><strong>a..„</strong></span> <span class='ocrx_word' id='word_1_226' title='bbox 547 3687 551 3696; x_wconf 90' lang='lat'>.</span> <span class='ocrx_word' id='word_1_227' title='bbox 695 3647 727 3673; x_wconf 62' lang='lat'><strong>„,</strong></span> <span class='ocrx_word' id='word_1_228' title='bbox 935 3643 1034 3690; x_wconf 21' lang='lat'><strong>⁵.</strong></span> 
     </span>
    </p>
   </div>
   <div class='ocr_carea' id='block_1_6' title="bbox 0 0 1265 4152">
    <p class='ocr_par' dir='ltr' id='par_1_7' title="bbox 0 0 1265 4152">
     <span class='ocr_line' id='line_1_35' title="bbox 0 0 1265 4152; baseline 0 0"><span class='ocrx_word' id='word_1_229' title='bbox 0 0 1265 4152; x_wconf 95' lang='lat' dir='ltr'><strong> </strong></span> 
     </span>
    </p>
   </div>
  </div>
 </body>
</html>
