2556 4150
533 119 736 184 ..22-

133 306 274 370 gruere,
299 303 361 351 uec
383 286 516 372 omniuo
539 307 599 370 per
621 283 880 358 imbecillitatem
904 306 1045 370 corpus,
1074 307 1139 364 aas
1236 306 1237 352 l

133 381 232 459 raldo
262 403 322 468 per
352 385 592 452 contumaciam
616 381 641 471 ι)
671 397 841 472 repugnat
874 384 1021 470 spiritus.
1066 383 1137 466 Qui
1237 415 1238 418 ¹

122 480 176 560 'ad
198 480 312 548 aliena
335 481 503 568 cupienda
526 504 590 550 non
614 484 763 567 ducitur,
792 483 851 550 sed
872 485 1010 570 propria
1030 484 1135 570 largi·

132 590 197 649 tur.
240 579 309 662 Qui
337 604 399 668 per
429 583 565 668 pictatis
596 582 727 650 viscera
758 584 855 651 citius
886 581 930 648 ad
959 585 1134 667 ignoscen-

132 679 210 760 dum
229 679 384 759 flectitur,
407 681 466 746 sed
486 703 658 768 nunquam
681 681 758 770 plus
774 701 874 770 quarn
887 680 1007 746 deceat
1021 684 1134 766 ignos-

131 801 227 862 cens,
250 777 293 844 ab
314 801 393 847 ereo
416 781 626 852 rectitudinis
649 781 838 850 inclinatur.
885 779 953 860 Qui
975 779 1072 848 nulla
1089 780 1133 847 il·

68 879 71 885 ’
131 877 225 953 licite
247 890 436 965 perpetrat,
475 879 534 946 sed
555 891 748 968 perpetrata
770 881 814 946 ab
839 880 914 948 aliis
935 891 974 948 ut
995 882 1137 967 proprie

131 975 293 1066 deplorat.
340 978 407 1060 Qui
434 1001 477 1045 ex
506 979 626 1049 affectu
657 977 765 1066 cordis
793 979 923 1045 alienae
946 979 1137 1046 infirmitati.

130 1081 345 1165 compatitur,
379 1079 492 1163 sicque
521 1081 556 1148 in
585 1078 682 1146 bonis
710 1081 853 1165 proximi
881 1081 968 1145 sicut
995 1080 1030 1144 in
1061 1080 1131 1147 suis

129 1177 342 1263 provectibus
365 1177 521 1246 laetatur.
567 1178 635 1258 Qui
657 1180 704 1242 ita
737 1201 772 1244 se
794 1177 990 1244 imitabilem
1013 1179 1135 1244 ceteris

128 1277 162 1342 in
192 1278 338 1357 cunctis,
369 1299 455 1361 quae
477 1278 565 1361 agit,
601 1277 770 1359 insinuat,
806 1287 844 1341 ut
864 1279 951 1342 inter
983 1299 1040 1342 eos
1061 1299 1131 1345 non

128 1374 268 1454 habeat,
305 1375 394 1460 quod
416 1375 534 1440 saltem
562 1376 602 1440 de
625 1378 804 1442 transactis
834 1374 1018 1440 erubescat.
1061 1375 1132 1455 Qui

129 1475 176 1539 sic
190 1475 301 1540 studet
317 1477 431 1541 vivere
440 1524 450 1554 ,
476 1487 512 1540 ut
525 1476 748 1560 proximorum
767 1497 901 1560 quoque
916 1475 1016 1538 corda
1031 1497 1129 1538 aren·

127 1574 175 1638 tia
196 1573 367 1640 doctrinae
392 1573 509 1638 valeat
529 1573 664 1640 fluentis
688 1573 841 1656 irrigare.
886 1571 953 1650 Qui
969 1573 1134 1638 orationis

126 1695 190 1740 usu
222 1684 254 1739 et
282 1674 507 1758 experimento
533 1675 607 1756 jam
638 1671 772 1752 didicit,
810 1671 900 1755 quod
926 1669 1078 1734 obtinere
1107 1695 1133 1735 a,

127 1769 287 1851 Domino,
316 1792 403 1856 quae
430 1771 636 1858 poposcerit,
664 1771 785 1856 possit,
821 1771 877 1834 cui
905 1791 966 1853 per
989 1767 1133 1832 effectus

126 1891 238 1935 vocem
256 1873 327 1956 jem
350 1867 376 1956 2)
402 1872 498 1956 quasi
521 1871 713 1956 specialiter
737 1869 873 1936 dicitur:
905 1865 1049 1934 Adhuc
1069 1865 1128 1930 lo-

127 1979 281 2055 quente
304 1980 341 2033 te
364 1968 507 2034 dicam:
538 1969 644 2036 Ecce
667 1969 812 2036 adsum.
832 1967 858 2056 3)
903 1967 939 2032 Si
962 1964 1127 2032 enimfor·

125 2076 215 2134 tasse
239 2070 314 2155 quis
337 2070 468 2153 veniat,
501 2081 539 2136 ut
559 2093 619 2157 pro
643 2093 677 2134 se
705 2068 750 2134 ad
772 2065 1044 2137 intercedendum
1067 2087 1132 2130 nos

87 2189 91 2198 ·
129 2169 220 2254 apud
250 2181 417 2255 potentem
449 2172 637 2256 quempiam
668 2171 794 2250 virum,
826 2170 883 2254 qui
914 2165 979 2230 sibi
1007 2167 1125 2246 iratus,

127 2267 223 2332 nobis
245 2290 322 2334 vero
346 2281 396 2334 est
416 2270 620 2351 incognitus,
651 2268 769 2346 ducat,
804 2269 958 2350 protinus
986 2285 1124 2351 respon-

127 2364 258 2432 demus:
300 2366 354 2430 Ad
385 2366 657 2432 intercedendum
690 2365 804 2430 venire
837 2385 903 2430 non
935 2385 1124 2448 possumus,

129 2465 208 2547 quia
219 2463 462 2529 familiaritatis
479 2465 709 2549 ejusnotitiam
717 2485 782 2528 non
800 2455 970 2526 habemus
996 2461 1033 2526 Si
1045 2483 1130 2544 ergo

127 2559 221 2626 homo
254 2564 343 2648 apud
375 2561 556 2643 hominem,
590 2560 631 2624 de
665 2583 729 2648 quo
763 2561 895 2626 minimo
927 2561 1122 2649 praesumit,

124 2660 198 2724 fieri
226 2661 425 2726 intercessor
452 2660 633 2742 erubescit,
665 2682 732 2745 qua
759 2671 869 2729 mente
896 2661 986 2746 apud
1013 2660 1123 2724 Deum

126 2760 372 2825 intercessionis
394 2759 504 2824 locum
525 2782 584 2845 pro
606 2759 726 2846 populo
746 2760 880 2846 arripit,
904 2761 962 2845 qui
979 2756 1122 2821 familia·

126 2880 195 2923 rem
217 2883 252 2924 se
277 2861 350 2948 ejus
372 2860 501 2942 gratiae
525 2881 596 2923 esse
619 2881 678 2945 per
707 2860 795 2924 vitae
818 2859 972 2922 meritum
993 2855 1126 2921 nescit?

126 2957 196 3022 Aut
217 2956 261 3022 ab
277 2979 315 3024 eo
333 2955 495 3043 quomodo
515 2957 590 3022 aliis
604 2959 736 3024 veniam
749 2956 910 3044 postulat,
936 2954 994 3042 qui
1009 2964 1121 3020 utrum

128 3055 192 3129 siut
212 3059 255 3122 sit
276 3057 447 3143 placatus,
469 3058 626 3140 ignorat?
656 3056 733 3136 Qua
760 3058 795 3122 in
822 3079 859 3120 re
887 3054 998 3124 adhuc
1027 3050 1120 3118 aliud

127 3167 180 3225 est
211 3154 667 3241 sollicitiusformidandum,
697 3177 739 3227 ne
769 3157 826 3241 qui
854 3155 989 3243 placare
1020 3172 1121 3239 posse

125 3255 209 3327 iram
231 3253 396 3337 creditur,
420 3251 508 3321 hanc
528 3255 601 3342 ipse
624 3276 666 3320 ox
680 3255 816 3342 proprio
831 3263 928 3320 reatu
939 3260 1122 3318 mereatur.

166 3475 185 3535 ἢ)
208 3472 271 3525 slis.
292 3473 482 3531 contumeliam.
506 3505 536 3514 -
565 3474 584 3541 ²)
604 3474 665 3530 Alit
692 3476 735 3531 cui
759 3475 906 3546 prophetice
924 3484 987 3526 voce
1001 3469 1065 3540 jem.
1086 3496 1118 3506 -—

147 3565 150 3570 '
210 3556 233 3626 ⁸)
251 3558 314 3624 issi.
333 3556 382 3628 58,
405 3559 430 3620 t·
858 3561 861 3567 ’
