2554 4172
553 139 776 218 ‚lid-⁹

164 307 460 388 murmurationem
481 315 657 394 proruunt,
680 305 739 372 sed
760 315 900 392 cogente
922 306 1085 392 seicopis
1106 328 1170 374 us·

163 429 233 497 que
265 407 309 476 sd
335 407 512 476 armtiam
540 405 771 472 devolvuntur.
823 405 914 488 Quid
940 427 1020 490 ergo
1040 405 1170 475 'eorum

166 517 277 577 monte
299 506 487 590 infelicius,
521 505 646 592 quibus
667 506 709 570 de
730 504 889 590 largitate
910 507 1062 572 nascitur
1083 525 1168 572 ava·

166 608 257 690 ritis,
282 615 317 672 st
340 616 551 694 peccatorum
574 625 673 690 seges
690 606 789 692 quasi
810 626 853 670 ex
874 605 998 672 virtute
1021 605 1169 672 semina·

166 705 246 786 pur?
282 703 383 773 Prius
412 707 525 790 itaque
552 703 752 772 amonendi
774 714 869 785 snut,
899 715 938 770 ut
965 713 1079 770 tencre
1099 725 1169 773 sua

166 803 410 875 muonsbillrer
431 804 551 886 sciant,
574 812 609 870 et
631 813 711 868 tunc
732 803 879 886 demum,
902 814 941 871 ut
960 803 1075 870 aliena
1096 825 1169 870 nun

168 904 327 996 pmbiant.
377 902 413 970 Si
440 903 527 968 enim
556 903 654 968 radix
683 901 803 990 culpae
831 906 865 968 in
899 905 974 991 ipsa
1003 903 1167 970 effusione

166 1027 235 1084 son
257 1004 425 1084 esurium,
450 1023 632 1096 numquam
654 1023 715 1090 per
736 1023 847 1068 ramos
869 1001 1059 1070 exuberans
1080 1023 1169 1068 ava·

165 1105 263 1184 sitias
285 1103 384 1192 spina
406 1103 560 1170 siccatur.
605 1101 744 1168 Occasio
758 1123 838 1187 ergo
853 1101 1007 1188 rapiendi
1030 1101 1169 1170 subtra-

167 1204 269 1286 bitur,
285 1203 314 1268 si
332 1200 422 1279 bene
434 1203 529 1289 prius
545 1204 604 1290 jus
623 1199 816 1288 possidendi
831 1199 1036 1288 disponatur.
1066 1199 1168 1279 Tunc
1258 1217 1259 1230 ¹

66 1366 70 1372 .
166 1324 246 1368 vcro
267 1295 427 1368 admoniti
448 1299 599 1384 audient,
621 1300 783 1388 quomodo
803 1321 890 1387 quae
903 1299 1040 1384 habent,
1063 1301 1167 1367 mise·

166 1400 338 1468 ricorditer
358 1399 525 1481 tribuant,
558 1398 691 1485 quando
714 1400 868 1464 nimirum
895 1399 1101 1484 didicerunt,
1124 1412 1168 1468 ut

165 1497 255 1586 bona
276 1497 521 1566 misericordias
549 1520 609 1584 per
639 1497 847 1585 interjectam
879 1499 1022 1586 rapinae
1044 1500 1165 1588 nequi·

165 1599 248 1688 pam
277 1617 345 1666 nun
371 1596 586 1664 confundant.
636 1595 811 1664 Violenter
847 1600 932 1664 enim
968 1600 1162 1686 exquirunt,

166 1720 255 1786 puae
282 1696 539 1765 misericorditer
569 1695 771 1782 largiuntur.
814 1696 881 1764 Sed
908 1698 1003 1765 aliud
1032 1708 1083 1764 est
1101 1719 1160 1786 pro

167 1795 721 1888 pcccatismisericordiamfacere,
745 1797 838 1865 aliud
854 1822 915 1887 pro
937 1798 1164 1866 misericordia

165 1895 320 1986 {missos
340 1917 498 1985 peccare3
521 1918 608 1984 quae
620 1898 693 1984 jam
707 1921 922 1988 nequaquam
938 1897 1168 1967 misericordie

69 2032 71 2038 .
167 1998 354 2084 nuncupari
375 2005 494 2082 potest,
519 1997 598 2084 quia
622 1994 666 2062 ad
688 1995 819 2065 dulcem
837 1999 978 2066 fructum
1000 2021 1066 2064 non
1089 2018 1167 2086 pro·

166 2096 255 2184 ficit,
293 2117 379 2182 quae
407 2116 468 2180 per
497 2097 592 2164 virus
620 2098 800 2184 pestiferae
828 2098 950 2165 radicis
978 2098 1184 2164 amarescit·

166 2194 255 2284 ilinc
276 2205 327 2264 est
348 2197 453 2278 enim,
477 2196 567 2282 quod
589 2198 663 2284 ipsa
695 2199 796 2263 etiam
820 2196 984 2261 sacrificia
1006 2215 1065 2278 per
1086 2215 1166 2276 prc-

166 2293 301 2381 plrctam
323 2294 488 2368 Dominus
510 2294 679 2384 reprobat,
704 2297 834 2360 dicens:
857 2294 940 2376 Ego
964 2289 1165 2358 Dominus

167 2392 355 2483 diligens
373 2395 595 2482 judicium,
619 2405 658 2460 et
679 2392 772 2459 odio
794 2388 952 2456 habens
973 2388 1164 2476 rapinam

165 2495 208 2566 in
229 2490 490 2562 holocausto.
513 2493 538 2580 ¹)
580 2494 668 2558 Hinc
699 2491 816 2554 iterum
845 2488 948 2553 dixit:
977 2485 1175 2554 Hostiae.

97 2665 99 2669 ,
166 2592 388 2682 impiorum
415 2588 745 2668 abominabiles,
777 2609 888 2674 qnae
917 2587 1166 2654 offeruntur

167 2713 221 2772 ex
250 2692 423 2758 scelere.
437 2689 465 2774 ²)
509 2688 577 2767 Qui
599 2707 699 2773 saepe
723 2709 856 2774 quoque
880 2695 913 2751 et
936 2684 1164 2772 indigentibus

169 2789 389 2872 subtrahunt,
411 2807 497 2872 quae
521 2785 594 2849 Deo
617 2784 820 2868 largiuntur.
865 2785 932 2852 Sed
956 2799 1085 2874 quauta
1107 2807 1166 2857 ecs

168 2886 456 2957 animadversione
477 2893 608 2963 renuat,
633 2905 693 2971 per
706 2885 880 2971 quemdam
899 2889 1081 2974 sapientem
1095 2886 1162 2952 Do·

166 2991 276 3078 minus
304 2986 523 3060 demonstrat,
552 2979 683 3052 dicens:
721 2983 802 3064 Qui
828 2984 960 3052 offert
988 2985 1163 3052 sacrifi·

166 3076 638 3162 sinmdesubs‘tantia
666 3085 897 3172 pauperis,
933 3085 1058 3174 qussi
1092 3084 1166 3172 qui

167 3173 360 3268 pictimct
384 3177 527 3270 filium
555 3183 596 3248 in
626 3195 850 3272 conspectu
878 3185 1026 3270 putris
1049 3180 1164 3272 sui.³)

216 3283 258 3374 id
278 3301 424 3370 namque
448 3301 521 3348 esse
543 3280 792 3348 intolerabilius
807 3293 929 3372 potest,
954 3305 1052 3372 quam
1076 3304 1165 3348 mors

166 3286 318 3478 abacto
330 3377 443 3450 oculos
456 3381 589 3472 patris?
608 3381 680 3466 Hoc
691 3383 807 3470 itaque
820 3383 1019 3452 sacrificium
1036 3390 1168 3471 quanta

190 3590 458 3684 ¹)1¹⁸¹‚⁶¹‚2‚2,r7
477 3591 500 3663 ¹)
518 3593 594 3650 rma
608 3594 661 3674 ar,
672 3594 775 3666 2⁷·›.:--
786 3593 806 3666 o
825 3595 907 3682 ueste.
925 3593 968 3668 as,
986 3592 1026 3650 ιι.
1053 3657 1072 3664 .,
