2554 4172
521 179 749 250 ...139⁴-

135 367 218 414 uere
247 361 464 434 naquaquam
493 349 644 427 metuit,¹
662 369 682 410 a
711 369 777 434 quo
805 347 867 412 hoo
888 349 1014 434 ipsum,
1048 349 1145 435 quod·

136 443 315 526 laudatur,
339 445 479 530 aceepit
523 443 691 526 Audierit,
725 443 813 530 quod
835 446 1056 532 praedicatori
1075 469 1138 536 per

139 544 350 611 Salomonem
384 543 521 609 dieitur:
553 542 658 607 Bibe
688 565 839 629 aquam
869 542 917 608 de
947 547 1136 612 cisterna

140 649 233 724 tua,
256 654 294 710 et
315 642 490 709 fluenta
511 643 632 732 putei
653 644 722 708 tui.
767 641 1032 710 Deriventur
1052 645 1134 711 ion·

140 750 209 808 tes
239 743 302 808 tui
330 741 466 823 foras,
496 750 537 804 et
564 743 605 806 in
633 741 796 828 plateis
820 765 953 828 aquas
977 742 1135 809 divide.

140 840 310 908 Habeto
333 861 405 905 eas
428 838 560 920 solus,
591 862 668 904 neo
690 842 774 906 sint
800 840 938 906 alieni
959 844 1135 926 partiei-

139 963 212 1029 pes
233 940 308 1005 tui.
328 945 353 1022 ¹)
396 938 530 1024 Aquam
553 939 676 1026 quippe
698 939 910 1025 praedicator
932 940 972 1006 de
989 942 1134 1007 eisterna

139 1063 201 1106 sua
232 1039 333 1119 bibit,
366 1059 439 1102 oum
469 1037 512 1102 ad
533 1061 588 1103 eor
612 1059 708 1102 suum
730 1036 884 1122 rediens,
914 1039 1009 1127 prius
1041 1041 1136 1108 audit

134 1139 209 1226 ipse
232 1133 334 1223 quod?
351 1137 439 1202 dicit.
479 1137 575 1203 Bibit¹
599 1139 650 1224 sui
684 1137 811 1204 fluenta
833 1141 942 1226 putei,
972 1141 1000 1204 si
1022 1139 1076 1205 sui
1093 1141 1135 1204 ir·

136 1239 304 1322 rigatione
333 1235 426 1302 verbi
453 1237 652 1304 infunditur.
697 1236 766 1302 Ubi
792 1236 877 1302 bene
906 1237 1138 1325 subjungitur:

140 1335 404 1402 Deriventur
427 1335 569 1402 fontes
592 1339 656 1402 tui
680 1339 811 1419 foras,
845 1339 946 1402 etin
969 1337 1134 1424 plateis

140 1457 274 1521 aquas
306 1434 464 1516 divide.
486 1434 513 1518 ²)
563 1438 703 1502 Rectum
734 1437 860 1522 quippe
889 1448 957 1518 est,
991 1449 1028 1502 ut
1061 1439 1133 1524 ipse

136 1536 231 1622 prius
253 1533 362 1613 bibat,
387 1545 419 1599 et
440 1547 520 1602 tuno
541 1536 765 1622 praedicando
788 1534 862 1602 aliis
884 1537 1012 1602 influat.
1044 1537 1132 1602 Fon·

136 1643 189 1700 tes
223 1656 368 1719 namque
401 1634 491 1700 foras
513 1634 685 1716 derivare,
717 1646 766 1701 est
787 1636 934 1702 exterius
962 1634 1035 1700 aliis
1066 1637 1132 1701 vim

136 1733 394 1820 praedicationis
432 1735 616 1800 infundere.
667 1735 708 1800 In
735 1734 857 1821 plateis
887 1746 997 1800 autem
1026 1757 1134 1822 aquas

138 1832 298 1912 dividere,
322 1833 427 1896 estin
450 1853 572 1917 magna
593 1834 782 1901 auditorum
795 1833 1013 1920 amplitudine
1032 1836 1134 1919 juxta

137 1930 400 2016 uniuscuiusque
424 1931 618 2014 qualitatem
633 1933 757 1998 divina
779 1928 1141 2020 eloquia'dispensara

141 2029 188 2094 Et
210 2031 289 2116 quia
311 2029 503 2117 plerumque
532 2031 642 2096 inanis
665 2032 793 2116 gloriae
816 2034 986 2118 appetitus
1016 2035 1132 2099 subre-

139 2131 207 2217 pit,
239 2127 316 2195 dum
340 2149 445 2195 sernoo
475 2127 542 2192 Dei
568 2128 611 2195 ad
634 2130 811 2196 multorum
833 2133 984 2196 notitiam
1014 2135 1132 2216 currit,

140 2239 317 2316 postquam
361 2227 483 2294 dietum
514 2239 579 2294 est:
623 2230 672 2296 ln
707 2231 876 2316 plateis
913 2253 1048 2317 aquas
1076 2232 1134 2297 di-

138 2327 252 2408 vide,
295 2337 385 2392 reete
420 2327 652 2412 subjungitur:
701 2330 863 2396 Habeto
902 2352 971 2396 eas
1003 2331 1134 2414 solus,

137 2449 214 2491 nee
247 2428 331 2492 sint
364 2426 503 2492 alieni
536 2431 794 2515 participes
828 2429 945 2516 tui.³)
994 2431 1132 2500 Alienos

138 2527 266 2612 quippa
287 2524 449 2611 malignos
472 2528 608 2615 spiritus
630 2539 742 2612 vorat,
769 2528 809 2594 de
834 2529 954 2616 quibus
977 2555 1035 2620 per
1058 2557 1132 2620 pro-

137 2625 273 2711 phetam
295 2629 415 2692 tentati
444 2626 585 2692 hominis
614 2650 693 2694 voce
725 2629 864 2695 dieitur:
903 2629 1047 2699 Alieni
1078 2635 1132 2699 in·

138 2734 423 2790 surrexerunt
452 2727 493 2789 in
520 2749 594 2806 me,
625 2737 664 2792 et
694 2727 828 2794 fortes
852 2732 1133 2817 quaesierunt

138 2824 312 2889 animam
334 2847 468 2890 meam.
486 2825 514 2910 ι*)
557 2827 617 2892 Ait
638 2850 734 2912 ergo:
756 2827 876 2914 Aquas
899 2832 988 2894 etin
1010 2831 1133 2916 plateis

139 2919 268 3003 divide,
298 2934 331 2988 et
353 2933 463 2988 umen
486 2924 576 2990 solus
598 2925 693 2990 habe.
737 2925 789 2990 Ao
811 2929 840 2990 si
862 2932 1011 3014 apertius
1029 2928 1132 2996 dicat:

139 3017 196 3084 Sic
217 3042 354 3086 neeesse
377 3034 444 3104 est,
478 3034 515 3090 ut
536 3022 781 3111 praedicationi
801 3027 956 3090 ‘euterius
988 3032 1131 3112 servias,

137 3129 304 3204 quatenus
327 3143 386 3206 per
409 3121 582 3188 elationem
605 3134 636 3188 te
660 3120 836 3186 immundis
865 3125 1038 3210 spiritibus
1063 3152 1129 3198 uon

137 3218 345 3304 conjungas,
367 3242 408 3283 ne
430 3223 465 3288 in
488 3222 595 3286 divini
609 3221 706 3287 verbi
720 3221 903 3292 ministerio
924 3223 1036 3293 hostes
1055 3239 1131 3295 tuoe

44 3387 46 3391 ,
137 3317 182 3384 ad
203 3329 237 3383 te
257 3319 438 3406 participes
461 3322 628 3408 admittas
667 3321 784 3410 Aquas
806 3345 885 3410 ergo
909 3336 942 3392 et
958 3328 992 3392 in
1011 3328 1130 3414 plateis

299 3471 415 3480 ..ι-...μ-

172 3536 196 3606 ¹)
214 3539 302 3680 Prop).3
305 3539 460 3680 5,515-17.
481 3567 509 3578 -—
530 3539 550 3602 ²)
569 3542 643 3600 Pror.
662 3545 686 3614 b,
706 3545 749 3600 16.
768 3573 798 3584 -
819 3543 838 3609 ³)
857 3546 932 3599 Prov.
951 3546 975 3614 5,
996 3545 1037 3602 17.
1057 3577 1088 3588 ··
1110 3547 1130 3611 ι)

173 3677 174 3684 ,
205 3627 248 3678 Ps.
286 3627 309 3694 ¹,
347 3665 352 3676 .
389 3649 393 3658 ·
933 3631 935 3635 ’
