2520 4152
564 159 785 238 ωηο...

166 319 345 408 verbnm
366 347 468 425 post
490 346 650 421 tergum
671 337 886 428 monentis.
906 338 932 424 ¹)
973 333 1174 406 Humanum

168 439 293 527 quippe
322 421 432 524 genus
460 435 621 504 Dominus
651 434 834 502 infaciem
854 439 999 521 monuit,
1030 437 1171 526 quando

166 538 204 602 in
224 535 386 623 paradiso
409 534 538 603 condito
554 528 687 601 ‘homini
708 543 811 622 atquo
839 536 874 601 in
895 535 1002 602 libero
1023 535 1169 606 arbitrio

165 636 285 721 manti,
308 635 391 725 qnid
411 635 535 712 facere,
558 633 682 719 quidve
705 635 906 701 nonfacere
929 635 1082 720 deberet,
1112 639 1168 706 in·

166 733 265 802 dixit.
310 736 375 804 Sed
407 733 500 799 homo
527 732 564 798 in
583 731 653 797 Dei
677 731 795 799 faeiem
823 745 920 820 terga
949 735 1058 818 dedit,
1089 759 1170 802 cum

165 835 370 922 superbiens
391 835 462 920 ejus
479 833 577 916 jussa
596 823 780 898 contemsit.
823 833 894 900 Nec
909 845 1022 902 tamen
1044 857 1168 924 super·

165 932 314 1005 bientem
325 933 417 1000 Deus
437 930 598 1013 deseruit,
621 933 680 1018 qui
700 931 745 997 ad
759 932 984 1000 revocandum
996 935 1169 1001 hominem

166 1033 294 1121 Legem
315 1029 419 1111 dedit,
451 1026 668 1095 exhortantes
689 1029 842 1116 Angelos
864 1033 969 1116 misit,
1003 1034 1038 1099 in
1059 1055 1166 1100 earne

167 1145 303 1202 nostras
314 1126 528 1196 mortalitatis
540 1130 613 1217 ipse
631 1132 798 1216 apparuit.
816 1161 819 1166 ·
835 1131 927 1218 Ergo
938 1144 1015 1219 post
1028 1143 1166 1218 tergum

167 1243 263 1302 stans
282 1252 340 1298 nos
357 1225 540 1314 admonuit,
565 1229 623 1314 qui
646 1227 689 1292 ad
700 1231 988 1316 recuperationem
1010 1255 1069 1298 nos
1083 1254 1164 1317 gra-

165 1335 236 1400 tiae
257 1332 355 1394 etiam
377 1336 561 1393 contemtus
583 1327 726 1393 vocavit.
770 1329 867 1409 Quod
894 1331 998 1415 igitur
1019 1353 1164 1416 genera·

165 1429 242 1496 liter
263 1425 368 1493 simul.
388 1427 497 1509 potuit
518 1425 584 1491 dici
612 1425 653 1490 de
682 1429 829 1510 cunctis,
859 1431 921 1496 hoc
946 1451 1086 1496 necesse
1108 1439 1165 1498 est

164 1525 357 1613 specialiter
389 1527 508 1591 sentiri
534 1525 575 1589 de
598 1525 750 1609 singulis.
796 1526 904 1606 Quasi
932 1529 1020 1594 enim
1049 1551 1163 1595 coram

163 1625 238 1694 Deo
259 1624 389 1711 positus
413 1627 556 1711 quisque
578 1625 682 1690 verbu
703 1627 894 1693 monitionis
916 1629 989 1715 ejus
1004 1629 1157 1715 percipit,

164 1747 240 1792 cum
260 1724 458 1812 priusquam
486 1733 625 1810 peecata
655 1735 844 1812 perpetret,
879 1728 1063 1795 voluntatis
1086 1728 1156 1814 ejus

162 1833 346 1914 praecepta
369 1825 546 1908 cognoscit.
589 1823 710 1890 Adhuc
733 1826 819 1891 enim
842 1839 921 1894 ante
941 1827 1062 1894 faciem
1085 1830 1161 1915 ejus

163 1936 252 1991 stare
274 1934 325 1988 est
347 1923 488 1989 necdum
510 1946 585 1991 eum
612 1926 781 2011 peccando
809 1938 1030 1994 contemnere.
1075 1928 1163 1994 Oum

161 2043 241 2090 vero
264 2021 424 2089 derelicto
447 2024 534 2090 bono
555 2026 766 2091 innocentiae
798 2029 1007 2114 iniquitatem
1029 2028 1164 2112 eligens

163 2123 306 2209 appetit,
330 2125 403 2212 jam
425 2137 522 2210 terga
543 2126 580 2190 in
607 2127 680 2212 ejus
700 2125 820 2190 faciem
841 2127 951 2192 mittit.
995 2125 1062 2191 Sed
1083 2147 1165 2194 ecce

163 2217 275 2288 adhuc
297 2233 427 2309 etpost
450 2235 581 2310 tergum
602 2223 697 2290 Deus
718 2223 927 2310 subsequens
950 2231 1075 2302 monet,
1101 2227 1167 2306 qui

124 2345 130 2357 ¹
163 2322 265 2388 etiam
287 2335 363 2408 post
385 2324 519 2410 culpam
535 2324 623 2390 adse
638 2321 747 2388 redire
760 2319 948 2408 persuadet.
990 2318 1165 2386 Avernum

162 2433 316 2507 revocat,
348 2428 523 2491 commissa
556 2447 621 2488 non
650 2422 806 2506 respicit,
840 2420 1020 2484 revertenti
1047 2418 1163 2487 sinum

162 2525 301 2612 pietatis
313 2524 483 2610 expandit.
527 2524 650 2588 Vocem
662 2541 743 2603 ergo
764 2527 839 2605 post
853 2527 983 2603 tergum
993 2522 1163 2590 monentis

163 2623 331 2706 audimus,
355 2626 384 2690 si
403 2623 446 2688 ad
456 2622 651 2688 invitantem
669 2640 730 2682 nos
744 2616 925 2686 Dominum
947 2618 1063 2686 saltem
1084 2631 1163 2707 post

162 2730 305 2811 peccata
334 2723 541 2789 revertimur.
584 2714 757 2783 Debemus
786 2717 890 2804 ig'itur
918 2721 1075 2806 pietatem
1102 2737 1158 2785 vo*

164 2825 274 2891 centis
304 2823 514 2901 erubescere,
544 2819 573 2884 si
598 2816 766 2904 juttitiam
784 2819 938 2885 nolumus
959 2818 1160 2906 formidare3
1244 2839 1248 2846 ·

165 2923 245 3010 quia
267 2933 359 2989 tanto
381 2918 531 3004 graviori
547 2917 761 3006 improbitate
775 2921 1009 3003 contemnitur,
1034 2929 1161 3007 quanto

164 3028 199 3087 et
220 3030 402 3088 contemtus
424 3015 536 3086 adhuc
557 3039 678 3085 vocare
700 3041 770 3085 nou
791 3017 1003 3103 dedignatur.

188 3139 192 3150 ¹
222 3126 272 3191 At*
291 3129 407 3187 contra
437 3118 635 3186 admonendi
666 3128 743 3183 sunt
764 3128 903 3206 peccata
931 3120 1042 3185 carnis
1064 3120 1161 3204 igno·

164 3234 291 3305 rantes,
313 3229 352 3286 ut
373 3227 466 3284 tanto
495 3217 672 3285 sollicitius
693 3218 910 3304 praecipitem
938 3219 1069 3283 ruinam
1091 3241 1161 3284 me·

163 3331 272 3405 tuant,
297 3310 422 3408 duanto
445 3318 547 3384 altius
569 3328 667 3384 stant.
709 3316 920 3384 Admonendi
934 3327 1022 3401 sunt,
1045 3327 1082 3384 ut
1102 3341 1163 3386 no·

163 3423 292 3505 verint,
315 3420 395 3508 quia
415 3427 483 3506 'quo
511 3417 618 3504 magis
641 3416 712 3486 loco
740 3417 940 3501 prominenti
960 3419 1162 3504 consistunt,

165 3543 463 3564 Μ

200 3626 222 3698 ¹)
238 3613 303 3682 lsai.
320 3625 363 3696 30,
380 3626 425 3686 20.
