2554 4172
576 115 798 226 ...ψ

182 328 259 391 die
276 327 440 412 judicii.
462 332 487 410 ¹)
532 326 682 392 Otiosum
706 331 830 416 quippe
851 330 991 393 verbum
1013 343 1072 408 est,
1095 331 1199 416 quon

183 439 247 490 out
272 427 402 492 ratione
418 430 532 513 justae
560 430 787 509 necessitatis,
812 438 871 493 out
896 430 1081 495 intentione
1103 431 1195 516 pise

185 524 346 592 utilitatis
366 536 466 590 caret.
513 524 548 589 Si
570 549 650 610 ergo
672 527 713 592 de
735 530 839 594 otioso
854 549 1002 594 sermone
1020 531 1105 595 ratio
1122 553 1189 596 ex—

186 627 308 710 igitur,
331 647 524 713 pensemus,
549 647 635 712 quae
647 647 756 710 poena
773 627 1020 714 multiloquium
1034 643 1192 713 maneat,

184 726 221 790 in
245 745 310 811 quo
333 727 430 790 etiam
453 747 512 810 per
533 726 635 790 noxis
656 723 763 790 verbs
784 737 952 814 peccatur.

531 905 725 974 CAPUT
762 909 837 974 XV.

183 1063 188 1074 ·
245 1041 424 1110 Quomodo
448 1042 667 1094 elruonenrli
694 1045 793 1111 pigri
821 1045 1141 1114 etpraeripiteo.'

202 1217 206 1226 ·
247 1178 352 1245 Aliter
375 1176 576 1264 admonendi
597 1189 675 1244 sunt
695 1181 802 1262 pigri,
836 1192 938 1266 atque
958 1181 1056 1248 aliter
1077 1205 1184 1270 proe-

186 1279 310 1366 cipites.
342 1275 399 1340 Illi
421 1299 566 1362 namque
585 1277 747 1342 suadendi
766 1291 853 1362 sunt,
875 1301 917 1344 ne
932 1281 1065 1366 agenda
1077 1283 1185 1370 boue,

185 1377 262 1446 dum
285 1375 442 1442 differunt
448 1426 458 1459 ,
489 1379 655 1444 amittent:
685 1380 742 1443 isti
765 1401 842 1444 vero
865 1379 1064 1446 admonendi
1087 1393 1185 1467 sunt,

181 1499 224 1543 ne
249 1473 326 1539 dum
349 1473 510 1542 bonorum
538 1489 670 1564 tempus
701 1481 834 1545 incaute
865 1479 1056 1546 festinando
1078 1504 1178 1568 prae-

180 1563 337 1668 neniunt,
362 1598 475 1642 eorum
498 1581 617 1642 merita
638 1579 819 1644 immutent
863 1580 972 1664 Pigris
995 1581 1110 1666 itaque
1124 1582 1179 1648 in.-

183 1674 364 1768 timendum
394 1687 461 1758 est,
496 1675 581 1762 quod
611 1700 712 1764 saepe
743 1678 827 1760 dum¹
849 1688 1035 1764 opportune
1058 1700 1176 1766 agere,
1260 1669 1261 1720 5

183 1765 269 1862 quae
292 1798 467 1862 possumus
474 1825 484 1858 ,
509 1777 673 1857 nolumus,
696 1777 898 1864 paulopost,
921 1801 993 1842 curn
1009 1778 1177 1863 volumus,

180 1899 245 1940 non
268 1875 430 1940 volemus.
462 1876 542 1960 lpse
565 1879 688 1962 quippe
710 1877 830 1942 mentis
844 1867 983 1960 desidie,
1006 1877 1180 1948 dumosa--

180 1995 264 2058 gruo
285 1974 419 2040 fervore
443 1975 744 2057 nonaoeenditur,
776 1998 796 2038 a
826 1975 987 2041 bonorum
1010 1977 1178 2046 desiderio

178 2072 328 2141 funditus
343 2075 597 2146 convalescente
608 2076 720 2140 furtim
734 2087 864 2162 torpore
876 2086 1047 2142 mactatur.
1073 2075 1177 2158 Unde

180 2183 294 2259 aperte
317 2197 377 2259 per
401 2172 608 2244 Salomonem
634 2175 771 2240 dicitur:
814 2174 994 2258 Pigredo
1025 2177 1171 2238 immit-

178 2257 231 2360 tit
254 2295 455 2360 soporem.
475 2274 501 2356 ²)
546 2274 647 2358 Piger
669 2277 757 2338 enim
780 2285 868 2338 recte
887 2273 1052 2358 sentiendo
1071 2273 1177 2358 quasi

176 2370 318 2456 vigilet,
354 2374 505 2457 quamvis
534 2372 581 2436 nil
612 2371 784 2457 operando
813 2383 988 2459 torpescat.
1034 2371 1098 2436 Sed
1119 2372 1172 2454 pi-

177 2469 279 2554 gredo
295 2492 445 2556 soporem
458 2473 633 2536 immittere
647 2471 783 2554 dicitur,
802 2474 881 2558 quia
891 2473 1062 2558 paulisper
1071 2471 1178 2536 etiarn

176 2579 266 2636 reete
289 2571 454 2634 sentiendi
478 2567 503 2656 l)
531 2571 712 2654 vigilantia
734 2565 1021 2654 amittitur,*dum
1043 2594 1063 2635 o
1084 2569 1171 2636 bene

177 2667 337 2756 operandi
366 2669 475 2735 studio
505 2682 664 2736 eessatur.
720 2671 788 2736 Ubi
817 2681 907 2735 recte
941 2670 1174 2757 subjungitur:

177 2770 228 2838 Et
254 2769 392 2832 anima
422 2769 633 2835 dissoluta
662 2769 880 2856 esurietss)
924 2771 1010 2836 Nom
1033 2771 1168 2856 quisse

176 2867 219 2934 ad
241 2869 412 2956 superiora
443 2868 637 2954 stringendo
660 2891 725 2935 nou
749 2868 882 2952 dirigit,
916 2869 1105 2954 neglectam
1134 2889 1174 2930 se

174 2967 315 3035 inferius
337 2989 396 3053 per
417 2967 583 3032 desideria
614 2969 788 3056 expandit3
819 2980 852 3035 et
884 2968 961 3054 dum
990 2967 1179 3054 studiorum

177 3067 367 3154 sublimium
389 3069 505 3151 vigore
527 3092 594 3135 non
616 3069 879 3151 constringitur,
908 3066 1103 3156 cupiditatis
1122 3067 1179 3130 in·
1260 3087 1261 3132 l

211 3281 228 3348 ¹)
247 3279 339 3332 Matth.
358 3265 398 3345 12,
418 3279 459 3335 36.
478 3311 511 3320 ·-
530 3281 554 3349 ²)
573 3279 702 3348 Prou19,
721 3279 765 3334 15.
782 3309 813 3319 ·-
836 3278 859 3347 ³)
877 3279 942 3331 Alit.
953 3283 1019 3330 recte
1029 3275 1176 3330 sentiendo:
1260 3279 1261 3352 ζ

155 3407 169 3416 1
245 3379 311 3432 quse
328 3365 406 3419 lectio
424 3382 440 3418 a
458 3371 526 3419 reoto
552 3379 632 3420 sensu
655 3381 706 3417 non
731 3365 866 3432 obhorret,
893 3365 967 3418 modo
990 3363 1030 3414 sic
1053 3361 1177 3428 legatur:
1260 3353 1261 3392 ³

243 3453 322 3520 „quia
348 3453 482 3522 paulisper
505 3453 582 3505 etiarn
606 3458 674 3504 recto
699 3451 832 3504 sentiendo
857 3449 998 3519 vigilantia
1019 3445 1173 3498 emittitur.“

182 3553 184 3561 ’
241 3537 347 3592 Scilicet
364 3555 416 3593 non
434 3537 532 3592 suffieit
548 3542 615 3591 reete
633 3537 745 3604 sentire,
771 3535 825 3589 nisi
838 3535 934 3589 bonnm
949 3547 1100 3605 operemur,
1119 3546 1179 3600 quo

240 3626 358 3696 neglecto
373 3625 499 3682 amittitur
516 3623 661 3692 vigilantis.
682 3649 710 3662 —
730 3620 752 3690 ⁴)
770 3623 845 3678 Prov.
864 3621 906 3692 19,
925 3621 968 3677 15.
