2520 4152
486 213 719 284 ·-ns-

107 377 183 443 dtr·
198 376 318 462 gallo
337 378 710 463 intelligentiam?
725 379 751 456 ι)
794 369 1010 450 Praedicator
1032 388 1108 446 etc·
1181 409 1183 416 ·

98 477 179 542 ‘nim
201 486 348 560 sanctus,
371 477 447 543 duro
471 479 655 564 caliginoso
676 480 871 548 hocolsmct
891 481 928 547 in
943 492 1109 568 temporo,

107 578 207 664 qnasi
228 576 341 660 gallus
363 587 479 644 cantat
500 581 663 661 innocte,
687 603 763 648 oum
784 581 877 646 dicit:
897 581 1011 647 Hora
1034 585 1111 646 cst

101 677 191 762 jam
224 699 298 742 nos
330 676 377 742 de
413 701 554 744 somno
591 702 783 764 surgere.
806 677 832 767 ²)
883 680 928 746 Et
954 689 1105 748 rursum:

107 775 325 858 Erigilste
344 777 467 863 justi,
491 789 532 844 ct
555 780 684 846 nolite
707 778 934 866 pecesrc.³)
978 780 1103 849 Gallus

97 883 219 940 'sutem
242 875 516 960 profundioribus
538 877 627 944 boris
647 880 755 944 noctis
770 878 852 946 altos
869 880 966 946 edere
983 890 1106 950 cantus

102 973 192 1042 solet
205 995 290 1056 ;cum
300 993 380 1042 vero
398 979 597 1042 matutinum
606 979 677 1064 jam
689 988 818 1066 tempus
829 980 865 1046 in
876 982 1025 1067 proximo
1040 991 1102 1064 est,

105 1075 254 1140 minutas
276 1097 316 1142 uc
339 1084 458 1142 tenues
479 1099 576 1142 voces
598 1077 735 1160 format3
759 1080 837 1166 quia
853 1081 1022 1161 nimirum,
1045 1082 1104 1168 qut

107 1186 199 1250 recte
232 1175 422 1262 praedicet,
457 1174 609 1242 obscuris
645 1177 757 1242 adhuc
790 1179 945 1245 cordibus
982 1189 1102 1268 aperte

105 1274 252 1356 clamat,
281 1274 325 1340 nil
347 1275 388 1340 do
414 1275 552 1342 occultis
582 1278 749 1366 mysteriis
782 1279 929 1361 iudicat,
962 1289 1103 1369 ottone

107 1373 286 1440 subtiliora
309 1395 461 1462 quaeque
483 1376 524 1440 de
547 1375 746 1444 coelestibus
762 1379 911 1462 audiant,
935 1401 1009 1444 cum
1032 1378 1103 1444 luci

107 1463 259 1540 veritatis
281 1466 564 1562 appropinquant.

431 1584 781 1676 osrur'xo.

209 1715 211 1722 '
269 1711 314 1764 Dc
340 1723 447 1778 opero
474 1711 762 1777 praedicationis
789 1718 821 1766 ct
849 1724 939 1768 voce.

173 1800 238 1866 Sed
259 1803 345 1868 inter
367 1801 450 1866 hoec
471 1802 516 1866 ad
538 1825 596 1886 ea,
631 1825 717 1890 quae
740 1805 812 1891 jam
839 1806 994 1892 superius
1016 1807 1101 1870 dixi·

107 1920 196 1982 mus,
229 1902 380 1968 caritatis
412 1901 519 1966 studio
545 1912 795 1990 retorquemur,
824 1914 862 1970 ut
890 1905 1104 1992 praedicetur

108 2001 250 2088 quisque
273 2000 349 2089 plus
372 2001 501 2068 actibus
521 2023 620 2087 quam
634 2001 772 2070 vocibus
795 2009 938 2086 insonet,
962 2016 994 2069 et
1014 2003 1101 2070 bene

106 2098 249 2166 virendo
271 2101 417 2186 vestigia
439 2103 642 2187 sequacibus
665 2104 832 2190 imprimat
854 2105 976 2190 potius,
1001 2117 1103 2190 quum

106 2197 288 2286 loquendo,
323 2223 388 2287 quo
411 2201 624 2284 gradiantur,
654 2203 818 2272 ostendat.
860 2201 950 2283 Quia
972 2212 1005 2266 et
1027 2201 1100 2286 gals

104 2297 159 2384 lus
181 2299 262 2384 iste,
297 2321 395 2387 quem
421 2323 481 2388 pro
512 2302 729 2388 exprimenda
751 2303 830 2368 boni
858 2301 1104 2387 praedicatoris

106 2399 216 2486 specie
241 2400 274 2464 in
301 2399 464 2468 locutione
487 2421 548 2465 suc
572 2401 734 2468 Dominus
755 2404 913 2485 assumit,
937 2423 1011 2478 oum
1029 2401 1102 2486 jam

105 2501 203 2566 edere
231 2511 350 2566 cantus
379 2512 491 2587 parat,
520 2503 615 2588 prius
642 2500 715 2566 slas
748 2503 892 2583 excutit,
923 2511 956 2566 et
982 2509 1100 2565 semet·

103 2602 211 2688 ipsum
244 2600 368 2666 feriens
399 2601 645 2684 vigilantiorem
680 2602 812 2693 reddit,
837 2603 917 2692 quia
944 2601 1101 2666 nimirum

103 2721 240 2764 neeesse
262 2711 332 2781 est,
360 2707 397 2763 ut
419 2697 471 2780 hi,
501 2703 559 2788 qui
588 2701 692 2766 verbs
719 2713 855 2767 sanotae
883 2701 1099 2788 praedicatio·

103 2801 157 2864 nis
177 2809 328 2882 movent,
357 2800 451 2882 prius
479 2802 586 2866 studio
617 2801 725 2866 bonae
758 2802 898 2867 actionis
928 2799 1098 2886 evigilent,

102 2921 146 2965 ne
181 2902 217 2964 in
256 2899 445 2986 semetipsis
481 2910 652 2986 torpentes
692 2923 792 2988 opere
832 2899 916 2964 alios
952 2899 1100 2962 excitent

101 3018 199 3078 roce3
232 2999 326 3084 prius
356 3019 391 3062 se
427 3021 487 3084 per
518 2997 677 3064 sublimia
707 2997 799 3063 facts
838 2998 1030 3080 excutiant,
1066 3005 1100 3061 et

101 3107 182 3162 tuuc
217 3096 260 3159 od
294 3095 379 3160 bene
416 3095 597 3162 vivendum
630 3095 712 3162 elios
751 3095 907 3162 sollicitos
940 3095 1099 3161 reddunt:

100 3197 198 3278 prius
221 3194 457 3280 cogitationum
479 3194 541 3258 slis
555 3199 749 3281 semetipsos
771 3196 912 3278 feriunt,
935 3192 1099 3284 quidquid

101 3291 139 3356 in
168 3315 203 3356 se
231 3293 395 3359 inutiliter
425 3303 552 3382 torpet,
586 3293 729 3360 sollicite
754 3295 1012 3380 investigatione
1041 3295 1099 3360 de·

100 3389 330 3484 prehendunt,
360 3393 509 3460 districto
539 3391 827 3462 animadversione
856 3395 1040 3480 corrigent,
1064 3405 1100 3462 et

100 3505 184 3560 tunc
216 3492 347 3560 demum
382 3494 524 3563 aliorum
552 3497 653 3562 vitem
685 3493 850 3583 loquendo
879 3505 1099 3584 componant:

137 3670 161 3741 ¹)
178 3670 236 3728 roo,
253 3669 295 3740 ss,
312 3623 407 3728 sos-''-
425 3673 449 3744 2)
467 3675 540 3730 ros
558 3673 600 3744 ss,
618 3675 714 3731 sss-
725 3674 754 3742 s)
775 3676 796 3731 ι.
815 3676 872 3732 cor.
892 3676 932 3744 15,
949 3675 993 3733 st.
