2554 4172
548 179 753 244 -78-

206 345 316 413 Aliter
338 344 538 412 admonendi
560 357 638 414 sunt
654 349 817 436 juvenes,
848 357 950 435 atque
973 347 1070 416 aliter
1092 332 1141 414 se-

143 468 220 528 nes3
244 445 322 532 quia
345 445 421 511 illos
442 445 641 532 plerumque
665 447 828 512 severitas
850 446 1083 515 admonitionis
1100 449 1144 514 ad

144 543 330 632 profectum
354 543 486 628 dirigit,
517 545 598 610 istos
626 567 704 612 vero
732 545 776 610 ad
796 545 937 612 meliora
962 569 1065 636 opera
1086 548 1143 612 de·

144 645 295 729 precatio
317 642 446 711 blanda
457 645 630 732 componit.
662 643 826 732 Scriptum
849 647 974 736 quippe
990 658 1053 714 eet:
1077 645 1142 714 Se·

144 745 305 810 niorem
340 765 388 810 ne
426 744 753 830 increpaveris,
788 745 860 812 sed
897 747 1072 814 obsecre
1100 757 1144 813 nt

144 854 315 928 patrem.
339 842 364 930 ¹)
906 845 908 850 ’

516 1046 697 1112 CAPUT
726 1047 771 1110 ΙΙ.

204 1182 377 1248 Quomodo
401 1181 610 1234 admonendi
632 1183 706 1235 sint
730 1183 853 1252 inopes
878 1188 910 1236 et
937 1160 1078 1234 divites.

204 1314 311 1380 Aliter
333 1316 533 1384 admonendi
555 1329 632 1383 sunt
652 1320 787 1406 inopes,
811 1329 913 1404 atque
937 1317 1033 1383 aliter
1049 1319 1140 1384 locu·

141 1415 261 1501 pletes:
296 1414 361 1480 illis
391 1438 536 1503 namque
566 1417 684 1482 offerre
717 1416 955 1483 consolationis
985 1417 1140 1482 solatium

72 1597 75 1604 Ι
141 1525 255 1579 contra
276 1515 543 1598 tribulationem,
567 1517 641 1580 istis
657 1537 735 1580 vero
748 1515 871 1580 inferre
886 1526 1007 1581 metum
1022 1526 1140 1581 contra

140 1611 317 1679 elationem
349 1613 515 1681 debemus.
570 1616 670 1702 Inopi
701 1615 826 1702 quippe
856 1639 876 1680 a
903 1615 1046 1680 Domino
1075 1637 1138 1698 per

138 1711 334 1797 prophetam
355 1712 496 1780 dicitur:
524 1713 617 1780 Noli
639 1714 805 1797 timere,
830 1714 929 1800 quia
950 1735 1028 1778 non
1049 1733 1138 1778 con-

17 1849 19 1853 ,
138 1809 340 1878 funderis.
358 1809 384 1900 ²)
430 1814 493 1881 Oui
514 1836 580 1880 non
602 1814 704 1898 longe
734 1823 810 1900 poet
838 1811 1019 1878 blandiens
1040 1810 1137 1877 dicit:

140 1909 410 1997 Paupercula
440 1921 705 2000 tempestate
734 1911 954 1978 convulsa.
980 1909 1007 1998 3)
1049 1912 1170 1976 Rur-'

137 2033 279 2096 sumque
300 2009 390 2078 hanc
411 2011 620 2092 consolatur,
644 2012 772 2079 dicens:
805 2010 877 2076 Ele
885 2011 929 2096 gi
950 2020 989 2075 te
1011 2012 1055 2078 in
1076 2032 1136 2076 ce·

137 2113 245 2178 mino
275 2113 559 2200 paupertatis.
582 2107 611 2198 l)
661 2112 706 2177 At
735 2123 848 2178 contra
878 2109 1007 2176 Paulus
1038 2109 1133 2174 disci-

137 2209 217 2298 pulo
240 2212 281 2276 dc
306 2210 468 2279 divitibus
486 2211 581 2276 dicit:
609 2210 833 2276 Divitibus
855 2206 980 2295 hujus
1004 2201 1133 2274 seculi
1216 2210 1222 2222 “

137 2312 337 2397 praecipe
365 2333 444 2376 non
474 2307 652 2396 superbe
683 2328 853 2396 sapere,
885 2328 1022 2394 neque
1044 2326 1134 2390 spe·

137 2429 230 2472 rare
259 2409 298 2473 in
321 2409 484 2474 incerto
507 2407 760 2473 divitiarum
791 2427 970 2472 suarum.
995 2404 1021 2494 5)
1064 2401 1136 2470 Ubi

136 2506 319 2572 notandum
340 2505 439 2572 valde
460 2514 527 2585 cst,
550 2502 638 2591 quod
661 2503 859 2571 humilitatis
882 2504 995 2572 doctor
1014 2526 1135 2570 memo·

134 2605 222 2674 riam
251 2604 390 2672 divitum
421 2605 549 2672 faciens
577 2626 645 2670 non
678 2605 746 2688 ait,
779 2606 893 2690 Roga,
927 2604 986 2671 sed
1015 2606 1134 2670 Prae·

136 2704 243 2790 cipe;
276 2707 357 2792 quia
386 2706 449 2771 etsi
474 2703 698 2790 impendenda
727 2714 778 2770 est
805 2705 915 2791 pietas
936 2704 1136 2788 infirmitati,

135 2801 242 2872 honor
269 2815 383 2872 tamen
416 2827 482 2872 non
515 2803 654 2870 debetur
687 2803 835 2876 elationi.
883 2803 1023 2870 Talibus
1053 2825 1133 2890 ergo

135 2912 278 2985 rectum,
302 2904 391 2992 quod
412 2904 551 2988 dicitur,
574 2913 666 2971 tanto
688 2904 813 2970 rectius
829 2901 982 2990 jubetur,
1007 2912 1132 2989 quanto

135 3002 212 3070 etin
231 3001 331 3072 rebus
341 3006 543 3074 transitoriis
565 3003 743 3071 altitudine
758 3005 970 3090 cogitationis
991 3003 1132 3070 intume-

134 3111 241 3172 scunt.
282 3102 337 3168 De
356 3101 410 3172 his
425 3107 462 3171 in
472 3103 834 3189 EvangelioDominua
848 3102 942 3170 dicit:
964 3106 1048 3171 Vae
1070 3124 1133 3170 vo·

135 3199 200 3267 bis
227 3201 455 3285 divitibus,
491 3205 563 3290 qui
590 3201 762 3296 habetis
789 3202 1133 3271 consolationem

135 3310 325 3368 vestram.
346 3297 374 3388 ⁰)
418 3302 509 3384 Quia
531 3302 636 3386 enim,
658 3323 746 3390 quae
768 3309 847 3369 sunt
874 3312 1025 3385 aeterna,
1047 3324 1132 3386 gau-

171 3547 754 3617 ¹›1.am.a‚1.-²)1sa54,4.-
794 3547 1078 3617 ³)1sa.54,11.-
1106 3542 1132 3614 ⁴)

203 3634 267 3687 rar.
284 3633 331 3702 48,
351 3635 393 3691 10.
412 3665 444 3674 -
470 3633 488 3703 ⁵)
507 3635 531 3690 1.
550 3634 615 3686 nm.
633 3633 657 3702 c,
676 3633 717 3689 17.
737 3661 769 3671 -
787 3629 808 3697 ⁸)
827 3631 888 3686 Luc.
906 3631 932 3700 c,
949 3632 993 3692 aa.
