2554 4172
473 177 696 247 ..103„
784 136 828 212 J

72 341 186 410 aliter
209 343 350 428 psoidoi.
390 341 762 428 Admonendinamque
778 347 866 421 suut,
889 341 949 426 qni
964 341 1091 428 jugie

75 442 272 523 seminant,
305 451 343 506 ut
362 443 458 528 ouius
488 443 555 508 siat
576 460 758 526 sequaces,
791 449 984 526 agnoscant.
1028 439 1090 524 De,

77 549 245 628 apostata
274 541 399 628 quippe
428 538 558 624 Angelo
588 539 749 628 seriptum
778 549 844 619 ost,
875 561 949 604 oum
975 539 1090 622 bimae

81 640 189 707 messi
209 639 629 709 insertsfuissetninsnia:
650 636 850 707 Inimicus
871 637 987 706 bomo
1008 638 1089 707 hoo,

81 738 202 807 fecit.
224 737 249 823 ¹)
292 737 343 802 De
372 740 469 825 cujus
491 738 592 804 etiam
623 738 768 806 membro
791 755 852 824 per
874 736 1090 812 Salomonem,

84 839 226 907 dieitur:
248 838 375 904 Homo
398 846 622 928 apostate,
645 838 712 902 vir
733 836 924 905 inutilis:
946 838 1087 922 gradi·¹

38 1021 43 1026 Ι
83 948 250 1006 tunore
274 959 505 1023 perverso,
528 934 866 1017 annuitooulis,
889 937 1080 1024 teritpe-

85 1039 156 1118 de,
185 1037 333 1121 digito
365 1035 576 1122 loquitur,
611 1056 745 1122 pravo
774 1035 902 1100 corde
931 1035 1081 1104 machi-

83 1146 213 1203 natur
240 1134 410 1217 molum,
440 1145 483 1202 et
503 1136 612 1201 omni
641 1142 826 1220 tempore
855 1135 1004 1220 jurgia
1026 1160 1089 1210 se-,

84 1236 223 1302 minat
241 1233 268 1321 ²)
312 1235 421 1315 Ecce,
451 1256 549 1323 quem
581 1235 800 1300 seminantem
826 1237 942 1322 jurgia
974 1235 1082 1303 dicere

85 1335 213 1416 voluit,
243 1335 337 1421 prius
359 1345 543 1421 apostatam
573 1334 774 1415 nominavit3
805 1337 883 1420 quia
907 1337 972 1400 nisi
992 1359 1082 1402 moro

87 1435 313 1521 superbientis
335 1435 447 1518 angeli
469 1457 489 1500 a
511 1445 688 1519 conspectu
704 1432 893 1500 Conditoris
915 1441 1008 1520 prius
1031 1437 1081 1502 in·

84 1543 141 1599 tus
163 1533 339 1598 aversione
360 1535 480 1600 mentis
502 1531 655 1612 eederet,
682 1533 774 1600 foras
796 1536 1003 1620 postmodum
1026 1558 1080 1601 us·

85 1653 152 1718 que
175 1633 217 1698 ad
246 1632 442 1698 seminanda
468 1632 585 1718 jurgia
614 1654 680 1696 non
709 1634 849 1698 veniret.
896 1633 963 1712 Qui
993 1644 1082 1699 recte

85 1729 298 1813 describitur,
320 1731 409 1818 quod
432 1733 550 1798 annuit
561 1730 677 1812 oculis,
700 1731 805 1815 digito
819 1729 980 1817 loquitur,
1004 1735 1082 1800 terit

84 1828 184 1914 pede.
224 1830 369 1896 Interior
390 1851 534 1914 nomque
556 1840 606 1894 est
628 1829 792 1911 custodia,
816 1851 903 1915 quae
927 1830 1082 1900 ordinate

88 1939 201 1994 servat
228 1931 375 1994 exterius
409 1927 563 1992 membra.
608 1928 675 2008 Qui
703 1951 781 2012 ergo
814 1941 936 1996 statum
964 1933 1083 1998 mentis

88 2023 245 2112 perdidit,
269 2026 510 2112 subsequenter
531 2027 623 2092 foras
645 2031 680 2092 in
692 2030 947 2094 inconstantiam
969 2033 1084 2098 motio-

90 2127 142 2192 nis
171 2125 260 2204 iluit,
293 2138 395 2212 atque
424 2127 582 2191 exteriori
611 2125 794 2192 mobilitate
823 2129 966 2209 indicat,
996 2127 1084 2214 quod

88 2225 185 2290 nulla
207 2227 347 2290 interius
370 2225 483 2292 radice
512 2225 683 2292 subsistat.
726 2225 877 2292 Audiant
893 2229 1083 2313 jurgiorum

88 2329 325 2406 seminatores,
355 2325 443 2412 quod
466 2327 626 2412 scriptum
649 2335 714 2391 est:
741 2327 865 2393 Beati
887 2327 1082 2415 pacifici,

89 2428 290 2510 quoniam
317 2425 406 2492 filii
436 2426 516 2490 Dei
549 2424 831 2492 vocabuntur.
853 2425 879 2513 3)
922 2425 1034 2515 Atque
1065 2451 1083 2492 e

89 2524 221 2592 diverso
243 2524 412 2610 colligant,
436 2528 517 2611 quia
541 2528 568 2591 si
582 2526 643 2592 filii
658 2527 725 2590 Dei
744 2539 918 2610 vocantur,
942 2531 1001 2615 qui
1022 2553 1081 2617 pa·

88 2646 159 2688 cem
179 2624 316 2706 faciunt,
340 2625 457 2713 procul
480 2625 581 2692 dubio
597 2636 736 2694 satanae
748 2637 826 2694 sunt
837 2629 909 2710 filii,
935 2631 1080 2716 quinon·

87 2723 241 2790 fundunt.
285 2725 409 2790 Omnes
433 2737 561 2807 autem,
593 2730 650 2813 qui
672 2750 733 2814 per
764 2726 962 2794 discordiam
986 2751 1080 2816 sepa·

89 2834 208 2888 rantur
237 2849 258 2890 a
286 2825 455 2892 viriditate
487 2824 691 2910 dilectionis,
723 2829 874 2896 arefiunt.
918 2826 988 2907 Qui
1019 2830 1083 2896 etsi

90 2919 169 2986 boni
190 2925 298 3009 operis
318 2924 446 2990 fructus
465 2927 499 2992 iu
513 2928 583 2992 suis
595 2925 783 2992 actionibus
796 2926 981 3011 proferunt,
1006 2950 1082 3012 pro·

91 3020 179 3086 fecto
210 3021 294 3086 nulli
322 3035 415 3106 sunt,
449 3026 528 3111 qnia
557 3046 623 3088 non
652 3046 695 3088 ex
728 3025 856 3088 unitate
872 3022 901 3109 a)
932 3027 1083 3092 caritatis

94 3123 256 3186 oriuntur.
298 3121 384 3186 Hine
407 3145 485 3208 ergo
507 3120 716 3208 perpendent
735 3123 935 3188 seminantes
952 3127 1082 3212 jurgia,

95 3239 193 3307 quam
221 3218 446 3306 multiplieiter
468 3231 624 3308 peceant:
653 3220 814 3307 quidum
844 3243 943 3287 unam
965 3227 1083 3310 nequi-

92 3322 173 3388 tiam
194 3330 401 3406 perpetrant,
426 3319 467 3385 ab
489 3321 642 3386 humanis
656 3318 811 3386 cordibus
824 3333 962 3388 ouuotas
985 3322 1083 3388 simul

123 3553 143 3622 ’)
160 3553 252 3606 Metth.
277 3550 322 3617 13,
348 3552 390 3605 28.
414 3579 448 3588 ·-
476 3548 500 3618 ²)
518 3550 593 3602 Prov.
617 3549 649 3615 6,
676 3545 715 3604 12,
743 3575 776 3586 -
805 3546 824 3612 'l
844 3549 934 3602 Matth.
952 3549 982 3616 5,
1006 3549 1032 3606 9.
1049 3581 1084 3592 -

159 3635 184 3707 ⁴)
203 3639 267 3692 Alit.
284 3639 387 3692 virtuto.

788 3718 856 3785 Ἡ*
