2560 4158
524 196 754 273 -rotae

140 397 210 445 res
237 373 306 440 tni
335 373 418 439 sint
445 372 486 440 in
518 371 635 439 domo
661 371 832 454 alieno,
861 381 901 438 et
926 393 1066 460 gemas
1094 376 1140 442 in

141 472 417 553 novissimis,
446 468 627 559 quando
656 473 953 540 consumseris
983 494 1138 542 carnes

140 585 186 640 et
206 593 362 660 corpus
391 580 512 637 tuum.
531 567 557 654 ¹)
603 569 672 650 Qui
694 592 839 658 namque
867 570 968 638 alieni
989 595 1011 637 a
1040 573 1137 640 nobis

141 679 232 754 aunt,
252 671 319 735 nisi
339 666 478 756 maligni
501 671 657 756 spiritus,
681 671 740 758 qui
762 691 783 734 a
805 669 956 740 coelestis
979 683 1059 739 sunt
1077 695 1137 759 pa·

140 771 229 837 triae
257 779 345 835 sorte
375 770 553 853 separati?
594 769 680 850 Quis
702 791 783 838 vero
811 768 919 835 honor
938 782 1052 838 noster
1075 782 1137 852 est,

140 869 208 939 nisi
230 869 308 956 quia
330 869 366 934 in
386 867 488 934 luteis
509 868 705 958 corporibus
733 867 857 953 conditi
882 869 925 936 ad
948 869 1137 938 Conditoris

140 979 253 1038 tamen
273 969 381 1034 nostri
391 989 505 1034 sumus
516 970 694 1056 imaginem
706 977 739 1034 et
750 968 1000 1036 similitudinem
1012 971 1138 1038 creati?

141 1069 205 1137 vel
227 1070 303 1156 quis
326 1066 411 1134 alins
425 1067 567 1133 crudelis
583 1078 645 1152 est,
658 1068 725 1134 nisi
738 1067 797 1134 ille
815 1069 958 1154 angelus
969 1077 1135 1158 apostata,

141 1169 201 1256 qui
224 1177 256 1232 et
279 1167 491 1254 semetipsum
505 1190 613 1255 poena
635 1166 749 1232 mortis
766 1165 792 1254 ²)
816 1167 1039 1255 superbiendo
1061 1188 1135 1256 per-

140 1268 242 1349 culit,
264 1277 297 1332 et
318 1267 443 1332 inferre
465 1277 600 1332 mortem
627 1265 771 1331 humano
799 1267 915 1350 generi
942 1268 1040 1332 etiam
1061 1289 1136 1353 per·

141 1365 231 1434 ditus
253 1388 320 1431 non
348 1365 520 1451 pepercit?
549 1364 717 1430 Honorem
747 1365 862 1449 itaque
892 1387 987 1430 suum
1017 1365 1134 1431 alienis

30 1501 33 1506 ¹
140 1468 211 1547 dat,
234 1465 292 1550 qui
314 1465 358 1530 ad
381 1465 448 1529 Dei
468 1464 647 1548 imaginem
669 1475 703 1528 et
716 1461 963 1529 similitudinem
984 1463 1135 1530 conditus

141 1565 232 1633 vitae
255 1585 338 1628 suae
362 1573 509 1651 tempora
530 1561 750 1646 malignorum
782 1563 960 1649 spirituum
981 1561 1135 1645 volupta-

139 1664 232 1734 tibus
248 1666 274 1749 ³)
298 1662 517 1730 administrat.
558 1663 676 1727 Annos
699 1662 800 1726 etiam
823 1685 900 1729 snos
922 1661 1050 1728 crudeli
1070 1676 1136 1728 tra·

141 1766 209 1848 dit,
241 1766 300 1852 qui
322 1764 365 1828 ad
386 1762 589 1829 voluntatem
617 1761 705 1826 male
727 1761 927 1828 dominantis
950 1764 1137 1828 adversarii

141 1877 281 1951 accepta
304 1861 441 1930 vivendi
472 1863 582 1949 spatia
604 1861 773 1947 expendit.
816 1861 885 1927 Ubi
913 1862 997 1927 bene
1022 1859 1135 1927 subdi·

41 1991 43 1996 ·
141 1974 212 2030 tur:
240 1963 297 2027 Ne
319 1963 432 2028 forte
460 1961 722 2049 impleantur
745 1963 939 2029 extranei
961 1959 1135 2027 viribus

141 2064 247 2148 tuis,
280 2071 318 2126 et
349 2061 519 2128 labores
549 2063 608 2128 tui
636 2063 723 2129 sint
753 2065 798 2128 in
834 2062 947 2128 domo
980 2059 1135 2126 aliena.

142 2163 306 2251 Quisquis
328 2163 416 2228 enim
446 2183 507 2248 per
528 2173 698 2248 acceptam
728 2162 955 2228 valetudinem
978 2155 1135 2236 corporis,

140 2285 202 2354 per
223 2261 382 2329 tributam
405 2259 470 2326 sibi
488 2261 687 2346 sapientiam
708 2261 829 2323 mentis
851 2280 918 2322 non
939 2247 1134 2318 exercendis

141 2359 340 2441 virtutibus,
368 2357 427 2424 sed
449 2357 684 2445 perpetrandis
704 2356 795 2421 vitiis
816 2352 985 2432 elaborat,
1007 2367 1134 2432 nequa·

141 2483 242 2548 quam
275 2459 344 2524 suis
372 2455 504 2522 viribus
527 2477 621 2522 snam
644 2455 791 2534 domum,
823 2452 882 2517 sed
902 2461 1136 2538 extraneorum

139 2555 345 2634 habitacula,
367 2554 404 2619 id
424 2562 475 2618 est
489 2553 731 2619 immundorum
749 2553 926 2640 spirituum
938 2551 1028 2624 facta
1049 2544 1134 2611 mul·

140 2655 287 2743 tiplioat,
316 2653 472 2718 nimirum
506 2651 560 2717 vel
593 2651 795 2720 luxuriando
823 2651 877 2717 vel
912 2646 1136 2738 superbiendo

140 2777 259 2840 agens,
282 2753 431 2818 ucetiam
454 2773 489 2816 se
509 2749 635 2835 addito,
658 2753 862 2840 perditorum
883 2772 1041 2819 numerus
1063 2767 1133 2812 ore·

141 2864 221 2923 scat.
264 2854 355 2918 Bene
379 2860 491 2916 autem
513 2851 682 2918 subditur:
704 2851 756 2918 Et
778 2874 916 2939 gemas
939 2853 979 2917 in
999 2849 1134 2915 novis·

142 2954 274 3036 simis,
303 2949 470 3038 quando
498 2954 780 3019 consumseris
809 2975 960 3018 carnes
989 2960 1028 3014 et
1055 2968 1135 3015 cor·

140 3074 215 3142 pus
236 3062 359 3119 tuum.
401 3050 602 3137 Plerumque
631 3054 717 3119 enim
743 3065 881 3140 accepta
911 3050 1002 3119 salus
1024 3051 1134 3115 carnis

141 3179 251 3194 ψ

178 3231 199 3302 ¹)
216 3233 293 3284 Prov.
311 3231 336 3296 5,
354 3231 414 3284 9·-
425 3230 468 3284 11.
486 3260 519 3270 -
537 3229 562 3300 ²)
579 3232 700 3300 Angelus
717 3238 837 3302 apostata
847 3233 989 3286 mortaliter
1006 3231 1134 3300 peccando

156 3367 157 3372 ,
211 3317 323 3386 gratiam
340 3317 440 3384 amisit,
459 3321 484 3370 et
501 3322 695 3386 protoparentes
710 3320 743 3370 ad
758 3323 890 3387 peecatum
908 3309 1069 3380 seducendo,
1092 3320 1133 3366 to-

106 3399 108 3406 ’
212 3409 266 3456 tum
283 3416 367 3470 genus
387 3403 528 3456 humanum
548 3403 634 3470 gratia
653 3403 785 3474 spoliavit
812 3433 846 3443 --
866 3403 888 3470 ³)
906 3405 972 3458 Alit.
989 3402 1134 3456 voluntati-

212 3490 271 3542 bus.
305 3489 356 3540 Por
380 3487 536 3557 voluptatem
562 3489 675 3558 intelligi
700 3505 803 3560 quoque
828 3496 912 3560 potest
938 3489 1134 3557 beneplacitum,

212 3573 366 3641 quotidem
384 3585 443 3626 esse
467 3571 569 3625 videtur
593 3589 651 3626 cum
677 3576 819 3630 voluntate.
854 3576 1028 3641 Malignorum
1047 3573 1134 3642 Spiri-

213 3661 284 3710 tuum
302 3658 449 3726 voluptates
466 3658 587 3728 appellat,
606 3673 673 3728 quos
691 3659 733 3714 illi
750 3666 897 3730 suggerunt
914 3665 940 3713 et
957 3657 1074 3713 offerunt.
1180 3729 1184 3736 ἢ
