2556 4150
505 132 710 214 aaa..

105 311 312 402 ingreditur,
335 325 372 378 ut
386 311 656 378 'abominttisnos
681 313 839 398 aspiciet,
862 315 925 400 qui
942 313 1110 382 discussis

106 405 310 501 quibusdam
339 411 457 496 siguis·
472 411 620 476 exterius
648 413 892 499 apparentibus
921 414 968 480 ita
999 413 1102 479 corda

107 511 317 578 subditorum
340 519 509 596 penetrat,
533 517 570 574 ut
592 517 713 574 cuncta
735 509 784 591 ei,
808 531 894 597 quae
915 510 1031 576 illicite
1050 529 1102 577 co·
1150 538 1152 541 ·

105 612 277 698 gibantur,
310 609 530 676 innotescant.
574 607 672 673 Unde
704 617 737 672 et
768 607 928 676 subdidit:
960 611 1013 675 Et
1042 611 1102 676 in·

13 719 15 722 '
106 731 283 795 gressus
305 708 413 789 vidi;
438 716 477 772 et
500 729 593 772 ecce
615 707 745 770 omnis
764 707 993 774 similitudo
1012 727 1103 793 rep·

106 807 266 887 tilium,
308 815 351 870 et
384 803 643 871 animalium
675 803 958 873 abominatio.
984 807 1009 894 ¹)
1061 808 1102 874 In

105 890 288 994 reptilibus
315 904 531 989 cogitationes
564 905 695 980 omnino
728 913 882 971 terrenae
913 909 1101 992 signantur,

74 1056 78 1063 .
106 1008 143 1072 in
166 1003 365 1070 animalibus
388 1025 466 1070 vero
484 1005 556 1091 jam
570 1002 703 1090 quidem
718 1005 961 1090 aliquantulum
976 1018 1103 1071 eterra

107 1125 314 1192 suspensae,
350 1101 406 1168 sed
438 1099 548 1168 adhuc
574 1112 730 1167 terrenae
763 1105 923 1170 mercedis
955 1107 1103 1193 praemia

107 1205 329 1290 requirentes.
371 1201 456 1266 Nam
477 1201 608 1292 reptilia
630 1212 697 1268 toto
719 1225 762 1268 ex
778 1223 914 1292 corpore
929 1207 1102 1271 terracin-

107 1301 261 1385 haerent,
303 1300 463 1366 animalia
490 1310 601 1367 autem
630 1323 752 1388 magna
780 1315 875 1390 parte
905 1306 1051 1393 eorporis
1081 1325 1103 1370 a

108 1413 202 1468 terra
224 1423 387 1488 suspensa
411 1410 505 1482 sunt,
538 1403 688 1487 appetitu
711 1411 822 1468 tamen
843 1405 945 1489 gulae
974 1404 1017 1469 ad
1036 1415 1102 1471 ter-

108 1522 181 1570 ram
203 1521 332 1589 semper
353 1499 566 1566 inclinantur.
607 1501 757 1588 Reptilia
778 1503 892 1589 itaque
915 1513 994 1570 sunt
1015 1504 1104 1570 intra

108 1601 289 1690 parietem,
327 1599 460 1686 quando
483 1602 700 1686 cogitationes
721 1603 901 1668 volvuntur
923 1605 958 1668 in
980 1613 1103 1687 mente,

111 1721 196 1790 quae
218 1723 239 1764 a
260 1698 404 1763 terrenis
427 1698 603 1765 desideriis
625 1723 806 1788 numquam
821 1701 987 1768 levantur.
1021 1701 1103 1769 Ani·

110 1799 211 1864 malia
234 1819 365 1885 quoque
389 1807 467 1862 sunt
488 1799 576 1864 intra
589 1801 766 1886 parietem,
790 1801 973 1888 quandoet
993 1803 1104 1889 siqua

110 1902 179 1986 jam
197 1901 311 1985 justa,
344 1898 373 1962 si
401 1918 467 1983 qua
493 1895 635 1964 honesta
664 1901 870 1984 cogitantur,
898 1900 1105 1989 appetendis

89 2081 92 2086 Ι
115 2009 223 2062 tamen
243 1997 344 2062 lucris
365 1995 608 2083 temporalibus
629 1995 877 2086 honoribusque
900 1999 1105 2083 deserviunt,

114 2105 147 2162 et
168 2118 226 2184 per
247 2097 427 2184 semetipsa
442 2096 577 2183 quidem
584 2098 657 2183 jam
677 2099 774 2182 quasi
792 2121 812 2161 a
834 2109 926 2162 terra
943 2119 1107 2186 suspensa

112 2203 205 2279 sunt,
227 2195 287 2261 sed
309 2193 417 2262 adhuc
437 2217 498 2284 per
519 2196 679 2261 ambitum
701 2196 799 2282 quasi
820 2219 891 2284 per·
903 2196 1104 2282 gulacldesi·

100 2285 238 2360 'derium
260 2317 333 2362 sese
354 2295 399 2360 ad
420 2296 485 2360 ima
510 2295 718 2362 submittunt.
752 2296 851 2361 Unde
874 2306 907 2362 et
923 2296 1009 2361 bene
1025 2297 1104 2360 sub·

111 2393 212 2460 ditur:
246 2395 298 2460 ns
320 2395 526 2460 universa
556 2395 681 2461 idola
704 2395 846 2462 domus
868 2395 1012 2462 Israel
1042 2395 1104 2460 de·

112 2495 229 2580 picta
252 2504 376 2559 erant
397 2494 439 2560 in
455 2495 631 2582 pariete.
649 2491 676 2582 ²)
721 2494 889 2583 Scriptum
907 2497 1030 2584 quippe
1046 2503 1106 2560 est:

113 2591 387 2676 Etauaritia,
410 2613 519 2680 quae
542 2593 835 2660 estidolorum
859 2589 1104 2680 servieus.³)

110 2691 214 2759 Recte
235 2713 315 2779 ergo
337 2701 412 2781 post
433 2692 590 2758 animalia
618 2693 708 2758 idola
731 2693 982 2776 describuntur,
996 2703 998 2708 '
1013 2693 1105 2782 quia,

113 2795 174 2859 etsi
193 2794 337 2880 honesta
365 2794 495 2859 actione
526 2792 679 2858 nonnulli
705 2794 771 2858 iarn
794 2795 892 2880 quasi
914 2816 934 2858 a
955 2801 1047 2856 terra
1069 2809 1106 2856 ss

114 2893 263 2976 erigant,
298 2889 481 2958 ambitibus
501 2902 613 2956 tamen
635 2890 811 2958 inhonesta
839 2891 1033 2978 semetipsos
1061 2885 1106 2954 ad

114 2996 233 3052 terram
261 2990 439 3076 deponunt.
489 2991 579 3056 Bene
609 3001 720 3055 autem
749 2991 888 3074 dicitur,
919 2989 1106 3076 Depicta

116 3096 254 3178 erant:
288 3091 384 3180 quia,
418 3090 497 3156 dum
527 3090 727 3154 exteriorum
760 3113 871 3155 rerum
902 3090 1106 3157 intrinsecus

117 3187 245 3273 specics
262 3187 487 3271 attrahuntur,
511 3191 609 3278 quasi
621 3189 657 3256 in
669 3189 767 3255 corde
784 3189 987 3284 depingitur,
1011 3189 1106 3278 quid·

119 3283 199 3378 quid
208 3285 295 3356 fictis
309 3286 513 3374 imaginibus
528 3287 744 3357 deliberando
758 3291 930 3377 cogitatur.
978 3287 1105 3359 Notan-

117 3381 193 3453 dum
207 3386 396 3474 itaqucest,
420 3385 966 3477 quiapriusforsmcninparieta,
988 3407 1028 3454 sc
1049 3386 1103 3453 da-

151 3593 283 3665 ·tnast.
300 3605 326 3676 s,
344 3607 386 3663 ro.
405 3635 438 3647 -
456 3597 589 3672 aaran.
606 3605 632 3677 s,
650 3607 692 3664 tor
709 3629 744 3653 -ι
763 3607 787 3676 a
805 3607 906 3664 coron.
924 3611 948 3677 a.
968 3604 999 3662 s*
