2556 4150
444 105 719 178 '—2a-

110 273 272 365 Cuncti
267 271 356 347 enim
384 269 510 360 liquido
542 270 711 354 novimus,
751 270 832 355 qnia
862 291 936 334 cum
972 271 1019 354 is,
1055 271 1117 358 qni

109 371 285 480 displicet,
320 369 363 434 ad
391 368 663 454 intercedendum
684 368 845 450 mittitur,
882 370 960 434 irati
984 368 1114 448 animus

110 444 155 559 ad
179 470 348 558 deteriora
370 480 530 586 provocat
531 493 580 535 ur.
618 467 687 550 Qui
709 489 787 552 ergo
810 465 919 534 adhuc
942 466 1117 547 desideriis

110 572 256 654 terrenis
287 555 526 653 adstringitur,
558 577 678 634 caveat
713 589 755 632 na
784 566 928 637 districti
957 569 1040 634 iram
1059 570 1115 658 ju·

109 670 196 738 dicis
218 671 354 754 gravius
385 665 589 749 accendens,
624 667 701 732 dum
728 666 800 733 loco
831 665 1015 734 delectatur
1042 665 1113 753 glo·

97 775 202 855 riae,
225 771 285 835 fiat
307 769 448 834 subditis
472 777 587 834 auctor
608 769 736 832 ruinae.

470 947 664 1016 cAPUT
697 949 758 1012 XI.

74 1149 76 1152 Ι
139 1081 266 1152 Qualis
293 1079 443 1148 quiaque
467 1079 505 1129 ad
530 1079 688 1145 regimen
715 1079 841 1130 venire
866 1091 929 1128 non
957 1075 1085 1140 debeat.

177 1216 323 1294 Solerter
345 1235 425 1297 ergo
448 1237 484 1278 se
508 1215 650 1300 quisque
673 1215 848 1294 metiatur,
872 1234 915 1277 ne
937 1210 1045 1278 locum
1059 1233 1112 1276 re·

114 1318 247 1402 giminis
269 1335 439 1394 assumpre
461 1311 595 1392 audeat,
619 1313 650 1376 si
670 1310 781 1376 adbuc
796 1313 830 1376 in
845 1334 879 1376 se
892 1313 1008 1390 vitium
1021 1311 1114 1376 dam·

115 1411 273 1480 rabiliter
292 1422 426 1496 regnat3
447 1433 490 1476 ne
513 1412 558 1492 is,
583 1433 679 1496 quem
702 1412 824 1497 crimen
851 1412 1014 1496 depravat
1035 1432 1114 1496 pro·

113 1515 239 1600 prium,
272 1515 473 1578 intercessor
496 1510 733 1596 fieriappetat
753 1533 813 1596 pro
837 1508 942 1596 culpis
965 1511 1113 1576 aliorum

112 1614 200 1682 Hinc
224 1613 349 1677 etenim
373 1631 521 1696 superna
543 1631 627 1674 voce
648 1608 693 1675 ad
707 1608 847 1696 Moysen
869 1611 1008 1675 dicitur:
1038 1609 1113 1676 Lo·
1136 1627 1138 1631 ’

115 1735 240 1801 quere
270 1710 322 1774 ad
350 1709 503 1774 Aaron:
532 1709 659 1775 Homo
688 1709 915 1776 desemine
944 1720 1012 1774 tuo
1034 1731 1116 1795 per

112 1811 323 1891 familias,
347 1811 415 1896 qui
436 1809 638 1874 habuerit
660 1809 876 1891 maculam,
902 1831 983 1874 nou
1007 1805 1111 1873 olfe-

115 1921 183 1976 ret
218 1933 349 1995 panes
378 1909 554 1975 Domino
583 1907 666 1974 Deo
705 1931 790 1990 suo,
834 1931 905 1974 neo
938 1905 1115 1972 accedet

119 2008 168 2073 ad
198 2008 476 2074 ministerium
509 2010 609 2094 ejus.
635 2007 660 2092 ¹)
705 2008 773 2072 Ubi
802 2016 999 2096 strepente
1033 2007 1113 2071 sub·

113 2109 281 2194 jungitur:
309 2105 349 2171 Si
370 2129 519 2174 caecus
540 2108 686 2189 fuerit,
712 2111 747 2172 si
769 2105 961 2188 claudus,
986 2107 1020 2170 si
1041 2104 1107 2169 vel

115 2229 263 2295 parvo,
295 2208 360 2273 vel
383 2205 536 2292 grandi
558 2221 598 2272 et
618 2217 727 2273 torto
751 2228 871 2286 naso,
903 2208 937 2269 si
963 2205 1110 2270 fracto

114 2305 234 2392 pede,
265 2307 302 2370 si
329 2330 464 2388 mann,
497 2305 725 2390 sigibbus,
759 2307 791 2396 si
813 2303 973 2390 lippus,
999 2303 1031 2368 si
1053 2302 1105 2369 al·

115 2406 312 2490 buginem
344 2404 500 2472 habens
533 2407 574 2470 in
607 2404 748 2488 oculo,
783 2406 817 2470 si
844 2407 986 2491 jugem
1020 2427 1106 2468 sca-

113 2504 233 2586 biem,
267 2506 301 2570 si
330 2505 613 2589 impetiginem
635 2505 675 2569 in
698 2525 895 2590 corpore,
926 2503 988 2568 vel
1014 2527 1106 2588 pon-

113 2601 295 2670 derosus.
318 2607 343 2690 ²)
388 2604 517 2670 Caecus
536 2606 659 2691 qnippe
676 2615 744 2685 est,
768 2603 827 2691 qui
842 2625 1007 2689 supernae
1030 2627 1105 2668 oon-

112 2703 336 2791 templationis
358 2703 467 2770 lumen
490 2704 639 2788 ignorat3
661 2704 719 2790 qui
739 2702 924 2788 praesentis
946 2703 1035 2766 vitas
1057 2712 1105 2768 te-

112 2803 224 2867 nebris
251 2825 407 2886 pressus,
444 2802 523 2866 dum
553 2813 729 2869 venturam
756 2803 864 2867 lucem
892 2823 1107 2888 nequaquam

112 2901 281 2984 diligendo
304 2903 485 2987 conspicit,
516 2924 583 2988 quo
606 2923 742 2985 gressus
766 2901 1107 2994 operis)porr1gat

114 3000 230 3062 nescit.
272 2999 359 3066 Hinc
380 3002 499 3065 etenim
521 3001 743 3088 prophetante
764 3001 865 3067 Anna
879 2993 1015 3065 dicitur.
1037 2999 1106 3064 Pe·
1112 3017 1114 3022 ’

114 3095 182 3160 (las
214 3093 457 3164 Sanctorum
480 3122 647 3165 suorum
672 3099 882 3180 servabit,
915 3111 954 3164 et
985 3101 1106 3185 impii

115 3197 156 3260 in
176 3193 370 3261 tenebris
390 3200 687 3268 conticescant
707 3196 737 3286 ι1)
781 3197 929 3265 Claudua
949 3221 1028 3265 vero
1043 3207 1105 3280 est,

115 3295 172 3380 qui
196 3292 347 3380 quidem,
382 3319 447 3382 quo
468 3321 610 3386 pergere
633 3295 768 3377 debeat,
796 3299 934 3386 aspicit,
967 3295 1026 3360 sed
1046 3317 1109 3380 par

156 3487 179 3555 ¹)
204 3486 447 3554 Lev‚21‚17‚·..
474 3491 700 3560 2)11ιι,21,18.
720 3521 751 3532 -
780 3491 799 3558 ³)
819 3491 879 3544 alit.
904 3503 1021 3555 grossum
1045 3503 1107 3543 nor-

198 3574 277 3642 poris.
296 3573 361 3640 111.
382 3575 444 3652 Reg.
464 3575 493 3644 2,
511 3577 552 3633 a
