2556 4150
535 155 740 220 -53..

144 324 202 408 qui
225 319 336 386 adhuc
365 317 406 384 de
430 316 549 384 studiis
579 318 773 384 carnalibus
791 321 997 406 judicantur.
1043 321 1143 402 Quod

142 443 216 489 cum
245 440 366 504 magno
397 416 521 483 scilicet
553 416 667 483 dolore
695 420 845 484 caritatis
865 419 1031 486 Jeremias
1062 443 1140 507 pro·

141 520 247 608 pheta
268 518 475 605 conspiciens
499 517 599 603 quasi
621 515 682 583 sub
705 517 929 584 destructione
944 518 1061 606 templi
1082 518 1140 582 de-

141 621 264 708 plorat,
288 619 423 682 dicans:
456 617 665 698 Quomodo
695 615 968 682 obscuratum
990 628 1053 683 est
1074 640 1139 684 au-

140 742 251 798 rum,
274 726 461 781 mutatus
485 726 550 781 est
572 716 686 782 color
708 718 914 802 optimus,
938 717 1141 803 dispersi

141 815 427 903 suntlapides
459 817 700 881 sanctuarii
729 819 768 880 iu
794 817 1138 902 capiteomnium

73 971 76 978 ,
141 916 408 1004 platearum?
427 917 451 997 ¹)
497 913 586 994 Quid
607 935 856 1000 namqueauro,
881 913 969 1002 quod
991 914 1140 981 metallis

139 1019 261 1085 ceteris
284 1016 503 1102 praeeminet,
526 1015 590 1080 nisi
613 1015 813 1082 excellentia
836 1015 1035 1102 sanctitatis,
1058 1014 1141 1101 quid
1203 1025 1206 1031 '

139 1117 247 1183 colore
271 1119 404 1202 optimo,
428 1115 644 1180 nisi‘cunctis
667 1114 821 1182 amabilis
845 1117 1036 1181 reverentia
1058 1113 1137 1178 reli-

140 1216 249 1300 gionis
271 1213 496 1300 exprimitur?
538 1212 629 1293 Quid
656 1216 840 1282 sanctuarii
861 1213 1048 1302 lapidibus,
1071 1215 1139 1279 nisi
1162 1222 1166 1226 ’

143 1335 308 1380 sacrorum
331 1313 485 1379 ordinum
501 1334 664 1398 personae
684 1315 884 1398 signantur?
906 1313 997 1394 Quid
1008 1313 1138 1400 platea-

141 1436 213 1479 rum
235 1415 377 1494 nomine,
401 1413 762 1501 nisipraesentisvitae
784 1413 927 1479 latitudo
948 1413 1140 1498 figuratur?

142 1513 231 1594 Quia
258 1513 344 1578 enim
377 1533 498 1597 graeco
526 1509 657 1598 eloquio
687 1513 810 1589 πλάτος
836 1511 977 1579 latitudo
1001 1513 1137 1592 dicitur,

138 1611 284 1694 profecto
307 1636 327 1676 a
349 1609 525 1677 latitudine
546 1609 677 1698 plateae
701 1623 778 1678 sunt
805 1623 953 1679 vocatae.
996 1613 1062 1676 Per
1085 1632 1137 1676 se-

139 1712 313 1797 metipsam
342 1732 418 1776 vero
447 1711 583 1776 Veritas
612 1711 705 1777 dicit:
728 1711 841 1776 Lata
870 1721 910 1776 et
939 1711 1139 1798 spatiosa¹¹

139 1813 213 1876 via
235 1820 317 1891 est,
341 1831 450 1896 quae
470 1808 590 1876 'ducit
611 1810 662 1876 ad
683 1811 973 1898 perditionem.
992 1811 1019 1895 2)
1061 1808 1136 1874 Au·

141 1931 214 1974 rum
234 1909 335 1992 igitur
356 1908 573 1988 obscuratur,
596 1931 670 1974 cum
693 1913 835 1977 terrenis
857 1910 987 1977 actibus
1010 1909 1154 1998 sancti-3

143 2007 222 2074 tatis
243 2008 309 2074 vita
321 2006 489 2096 polluitur.
535 2006 635 2074 Color
647 2003 790 2096 optimus
807 2019 1035 2090 commutatur,
1058 2029 1139 2078 cum

142 2105 359 2194 quorundam,
383 2107 440 2194 qui
459 2106 582 2192 degere
602 2107 761 2192 religiose
775 2107 1007 2190 credebantur,
1031 2105 1136 2173 aesti-

137 2208 238 2273 matio
266 2217 422 2273 anteaota
453 2208 621 2274 minuitur.
664 2206 750 2272 Nam
781 2229 856 2274 cum
888 2205 1028 2292 quilibet
1055 2214 1139 2292 post

138 2306 325 2379 sanctitatis
346 2304 496 2372 habitum
518 2309 662 2375 terrenis
684 2331 719 2372 se
730 2306 859 2374 actibus
880 2307 1010 2390 inserit,
1034 2305 1139 2393 quasi

137 2405 248 2472 colore
268 2413 456 2492 permutato
476 2417 555 2474 ante
580 2405 742 2474 humanos
757 2406 867 2472 oculos
889 2407 1134 2494 ejusrsveren·
1200 2435 1201 2440 ¹

137 2503 186 2568 tia
209 2501 538 2592 despectapallescit.
583 2505 774 2574 Sanctuarii
796 2528 928 2595 quoque
942 2506 1073 2594 lapides
1094 2508 1137 2574 iu

137 2601 269 2691 plateas
291 2603 544 2693 disperguntur,
567 2629 642 2672 cum
663 2629 839 2674 causarum
862 2605 1061 2686 secularium
1083 2605 1099 2670 f
1119 2645 1135 2655 -

136 2725 193 2770 ras
225 2702 296 2770 lata
323 2703 445 2770 itinera
464 2715 635 2788 ,expetunt
661 2705 714 2791 hi,
744 2709 802 2793 qui
828 2706 871 2772 ad
899 2714 1139 2774 ornamentum.

136 2801 309 2870 Ecclesiae
331 2804 471 2870 internis
492 2804 657 2894 mysteriis
686 2808 784 2892 quasi
804 2807 841 2872 in
862 2808 998 2874 secretis
1018 2804 1139 2873 taber--

136 2899 285 2986 nacolii)
315 2925 438 2972 vacare
468 2903 666 2972 debuerunt
708 2903 762 2970 Ad
790 2906 853 2972 hoc
884 2906 1008 2991 quippe
1031 2925 1136 2972 sanc-

32 3029 38 3043 =
136 2998 239 3062 tuarii
259 2999 390 3084 lapides
410 3003 548 3086 fiebant,
569 3015 608 3070 ut
629 3007 719 3070 intra
734 3005 858 3072 Sancta
878 3001 1073 3071 Sanctorum
1095 3005 1132 3071 in

136 3097 330 3165 vestimento
353 3105 470 3168 summi
492 3103 902 3190 sacerdotisapparerent.
946 3102 1031 3171 Cum
1047 3125 1138 3170 vero¹

135 3195 280 3262 ministri
309 3197 484 3284 religionis
516 3224 537 3267 a
564 3200 705 3270 subditis
734 3205 890 3270 honorem
917 3201 1132 3284 Redemtoris

137 3294 190 3358 sui
212 3316 254 3360 ox
276 3298 391 3365 merito
413 3302 502 3369 vitae
525 3327 591 3371 non
615 3303 772 3388 exigunt,
796 3303 979 3370 sanctuarii
999 3300 1133 3389 lapides

136 3394 179 3498 in¹
201 3408 396 3500 ¹ornamento
432 3403 598 3484 pontificis
632 3425 701 3469 uon
736 3413 821 3472 sunt.
875 3401 944 3482 Qui
975 3401 1132 3469 nimirum

145 3537 190 3549 -

168 3577 193 3668 ‘l
208 3575 304 3666 ibren.
319 3609 345 3677 t,
365 3610 388 3664 l.
400 3595 441 3650 ¹—-
459 3609 480 3679 2)
498 3613 590 3672 Mattb.
608 3615 692 3684 7,13‘.
710 3575 783 3681 ξ’)
801 3617 867 3696 alit.
884 3575 1038 3696 inuitauit,
1059 3570 1070 3679 ,i
