2520 4152
480 225 519 242 -
549 188 624 256 *213
666 225 706 240 -

74 352 182 440 ‹qued
204 351 334 445 existit,
358 355 562 420 eontrarium
584 363 726 438 creseat3
757 353 967 423 tolerandum
990 377 1087 442 praa·

88 451 232 518 dicatori
253 461 320 537 est,
341 462 379 519 ut
406 474 467 537 per
496 450 759 520 exhortationem
782 475 875 520 suam
908 455 1087 522 artificioso

87 551 316 617 moderamine
336 575 440 619 unum
461 554 611 640 patiatur
638 574 798 635 erescere,
822 564 989 640 quatenus
1011 578 1086 642 pos·

75 652 135 739 ,sit
157 650 250 732 aliud
272 653 424 736 avieina
452 663 558 734 morte
587 653 744 719 retinere.
787 651 885 732 Quod
908 675 982 720 enm
1003 655 1085 739 agit,

87 773 158 816 non
179 748 330 815 morbum
352 762 555 835 exaggerat,
578 750 635 816 sod
658 751 829 817 vulnerati
851 753 920 833 sui,
944 754 998 818 eui
1019 777 1086 819 me·
1113 816 1116 821 .

80 848 315 915 'dieamentum
338 847 498 934 adhibet,
514 851 618 915 vitam
641 853 769 934 serrat,
793 861 831 916 ut
853 854 1084 938 exquirendae
1172 907 1174 914 ,

80 946 206 1022 ,salutis
219 967 403 1032 congruum
415 959 545 1036 tempus
566 951 726 1016 inveniat.
769 949 878 1038 Saepe
900 953 987 1017 enim
1010 953 1085 1038 quis

88 1048 271 1118 aoiborum
295 1068 329 1112 se
344 1047 494 1134 ingluvie
506 1051 640 1114 minime
656 1058 857 1138 temperans,
874 1051 1083 1138 jamjamque

80 1168 175 1233 pene
198 1148 386 1233 superantis
408 1145 564 1214 luxuriae
587 1149 729 1217 stimulis
751 1151 920 1236 premitur,
945 1150 1002 1237 qui
1024 1149 1085 1216 hu·
1134 1181 1135 1186 ¹

80 1247 143 1332 *jus
165 1268 299 1331 pugnae
321 1257 411 1312 metu
432 1249 582 1331 territus,
605 1250 682 1312 dum
705 1271 740 1314 se
763 1271 823 1333 per
846 1248 1083 1314 abstinentiam

78 1346 294 1429 restringere
312 1345 445 1434 nititur,
469 1349 579 1414 inanis
601 1347 729 1432 gloriae
750 1348 937 1416 tentatione
959 1346 1083 1432 fatiga·

86 1453 159 1526 tur,
180 1446 214 1511 in
237 1468 301 1532 quo
323 1447 478 1510 nimirum
499 1470 602 1512 unum
625 1448 742 1513 vitium
754 1447 952 1532 nullatenus
974 1451 1081 1514 extin-

89 1544 213 1630 guitur,
235 1546 301 1610 nisi
321 1544 415 1635 aliud
437 1548 614 1613 nutriatur.
660 1548 757 1653 Quae
780 1547 884 1630 igitur
904 1549 1007 1633 pestis
1030 1569 1084 1612 ar·

81 1643 222 1710 dentiae
244 1645 451 1732 insequenda
473 1657 541 1728 est,
568 1647 634 1711 nisi
656 1666 743 1731 quae
765 1646 986 1733 periculosius
1008 1669 1084 1730 pre·
1176 1723 1178 1727 Ι

81 1745 173 1817 mit?
215 1743 443 1810 Tolerandum
481 1767 625 1831 namque
665 1754 734 1827 est,
770 1755 807 1810 ut
838 1767 899 1830 per
928 1747 1081 1811 virtutem

81 1842 312 1918 vabstinentiae
332 1843 463 1908 interim
478 1848 671 1927 arrogantia
686 1855 803 1910 eontra
825 1845 989 1910 viventem
1012 1865 1082 1908 eree

85 1951 168 2023 scat,
190 1965 231 2006 ne
254 1965 328 2006 eum
351 1964 412 2028 per
433 1941 615 2025 ingluviem
638 1964 658 2005 a
679 1945 749 2008 vita
771 1943 923 2008 funditus
944 1942 1082 2010 luxuria

84 2041 273 2126 extinguat.
322 2041 410 2108 Hine
441 2049 493 2106 est
522 2040 610 2127 quod
637 2040 784 2125 Paulus,
812 2065 885 2108 eum
917 2043 1082 2108 infirmum

84 2139 269 2206 auditorem
290 2163 386 2206 suurn
408 2139 640 2226 perpenderet,
662 2152 840 2227 autprava
861 2141 972 2206 adhue
993 2141 1080 2206 velle

84 2259 202 2322 agere,
233 2249 294 2304 aut
315 2240 355 2304 de
376 2241 506 2304 actione
537 2252 631 2307 reeta
651 2240 818 2304 humanae
848 2238 960 2307 laudis
981 2241 1079 2304 retri·
1177 2313 1182 2320 Ι

81 2335 219 2404 batione
241 2339 406 2424 gaudere,
430 2341 493 2405 ait:
521 2339 594 2404 Vis
614 2363 698 2406 non
727 2342 873 2404 timere
894 2347 1079 2426 potesta·

85 2439 184 2504 tem?
228 2437 376 2504 bonum
408 2439 494 2522 fae,
528 2448 567 2503 et
603 2437 782 2505 habebis
825 2438 993 2505 laudem
1031 2463 1079 2504 ex

84 2537 174 2604 illa.
191 2535 215 2620 ¹)
260 2539 378 2624 Neque
400 2539 488 2602 enim
502 2539 574 2606 ideo
588 2538 677 2606 bona
698 2539 831 2624 agenda
853 2549 939 2620 sunt,
961 2549 998 2605 ut
1020 2563 1077 2627 po·

83 2647 188 2708 testas
216 2637 317 2726 hujus
347 2637 462 2702 mundi
493 2638 585 2706 nulle
611 2641 785 2721 timeatur,
816 2651 875 2706 aut
902 2662 962 2726 per
994 2640 1080 2708 haee

85 2738 189 2820 gloria
211 2738 424 2804 transitoriae
452 2736 564 2804 laudis
594 2751 753 2804 sumatur.
798 2737 864 2803 Sed
892 2762 964 2803 oum
986 2740 1077 2804 infir-

83 2858 170 2906 mam
191 2849 334 2904 mentem
356 2836 548 2902 adtentum
570 2836 670 2902 robur
690 2837 867 2902 ascendere
890 2859 957 2901 non
979 2859 1078 2922 pesse

81 2947 257 3024 pensaret,
278 2947 315 3000 ut
337 2945 371 3000 et
391 2937 592 3022 pravitatem
605 2936 733 3000 ,vitaret
755 2933 853 3000 simul
876 2945 909 3008 et
929 2933 1077 3016 laudem3

81 3032 296 3124 praedieator
325 3036 480 3117 egregins
503 3035 533 3098 ei
555 3031 763 3099 admonendo
794 3031 924 3118 aliquid
946 3031 1079 3115 obtulit,

82 3143 118 3200 et
141 3131 270 3216 aliquid
290 3131 374 3198 tulit.
418 3129 638 3198 Concedendo
650 3133 737 3194 enim
753 3130 844 3197 lenia
859 3127 886 3218 ²)
910 3130 1078 3200 subtraxit

82 3233 230 3313 aeriora3
267 3241 305 3296 ut
333 3229 415 3317 quia
445 3228 489 3292 ad
517 3227 702 3294 deserenda
732 3239 852 3296 eurota
885 3229 983 3296 simul
1009 3254 1077 3298 non

81 3340 293 3414 assurgeret,
326 3329 403 3394 dum
437 3329 473 3394 in
505 3326 647 3414 quodam
677 3351 735 3395 suo
763 3329 842 3396 vitio
871 3331 1002 3398 animus
1023 3330 1074 3396 fa·

84 3533 90 3542 ’
118 3542 137 3606 ¹)
163 3539 238 3596 Rom.
267 3539 309 3608 13,
337 3540 363 3596 3.

83 3629 232 3734 sejam
256 3629 335 3702 aaa
395 3691 444 3724 ¹..
