<?xml version="1.0" encoding="UTF-8"?>
<!DOCTYPE html PUBLIC "-//W3C//DTD XHTML 1.0 Transitional//EN"
    "http://www.w3.org/TR/xhtml1/DTD/xhtml1-transitional.dtd">
<html xmlns="http://www.w3.org/1999/xhtml" xml:lang="en" lang="en">
 <head>
  <title>
</title>
<meta http-equiv="Content-Type" content="text/html;charset=utf-8" />
  <meta name='ocr-system' content='tesseract 3.04.00' />
  <meta name='ocr-capabilities' content='ocr_page ocr_carea ocr_par ocr_line ocrx_word'/>
</head>
<body>
  <div class='ocr_page' id='page_1' title='image "./sgregoriipapaei00westgoog_0045.png"; bbox 0 0 2556 4150; ppageno 0'>
   <div class='ocr_carea' id='block_1_1' title="bbox 551 138 755 202">
    <p class='ocr_par' dir='ltr' id='par_1_1' title="bbox 551 138 755 202">
     <span class='ocr_line' id='line_1_1' title="bbox 551 138 755 202; baseline 0 -14"><span class='ocrx_word' id='word_1_1' title='bbox 551 138 755 202; x_wconf 69' lang='lat'>..24-</span> 
     </span>
    </p>
   </div>
   <div class='ocr_carea' id='block_1_2' title="bbox 99 298 1160 1386">
    <p class='ocr_par' dir='ltr' id='par_1_2' title="bbox 99 298 1160 1386">
     <span class='ocr_line' id='line_1_2' title="bbox 154 298 1160 390; baseline 0.004 -24"><span class='ocrx_word' id='word_1_2' title='bbox 154 304 381 370; x_wconf 82' lang='lat' dir='ltr'><strong>infirmitatem</strong></span> <span class='ocrx_word' id='word_1_3' title='bbox 409 307 529 370; x_wconf 86' lang='lat' dir='ltr'><strong>mentis</strong></span> <span class='ocrx_word' id='word_1_4' title='bbox 558 304 650 369; x_wconf 82' lang='lat' dir='ltr'><strong>vitae</strong></span> <span class='ocrx_word' id='word_1_5' title='bbox 678 305 768 369; x_wconf 87' lang='lat' dir='ltr'><strong>viam</strong></span> <span class='ocrx_word' id='word_1_6' title='bbox 795 303 942 390; x_wconf 81' lang='lat' dir='ltr'><strong>perfecte</strong></span> <span class='ocrx_word' id='word_1_7' title='bbox 972 324 1039 369; x_wconf 88' lang='lat' dir='ltr'><strong>non</strong></span> <span class='ocrx_word' id='word_1_8' title='bbox 1062 298 1160 370; x_wconf 86' lang='lat' dir='ltr'><strong>valet</strong></span> 
     </span>
     <span class='ocr_line' id='line_1_3' title="bbox 153 400 1160 492; baseline -0.001 -23"><span class='ocrx_word' id='word_1_9' title='bbox 153 413 285 484; x_wconf 86' lang='lat' dir='ltr'><strong>tenere,</strong></span> <span class='ocrx_word' id='word_1_10' title='bbox 320 425 419 489; x_wconf 86' lang='lat' dir='ltr'><strong>quam</strong></span> <span class='ocrx_word' id='word_1_11' title='bbox 447 403 554 487; x_wconf 80' lang='lat' dir='ltr'><strong>videt3</strong></span> <span class='ocrx_word' id='word_1_12' title='bbox 588 405 669 492; x_wconf 86' lang='lat' dir='ltr'><strong>quia</strong></span> <span class='ocrx_word' id='word_1_13' title='bbox 700 403 743 468; x_wconf 93' lang='lat' dir='ltr'><strong>ad</strong></span> <span class='ocrx_word' id='word_1_14' title='bbox 770 405 902 468; x_wconf 87' lang='lat' dir='ltr'><strong>virtutis</strong></span> <span class='ocrx_word' id='word_1_15' title='bbox 924 412 1047 468; x_wconf 86' lang='lat' dir='ltr'><strong>statum</strong></span> <span class='ocrx_word' id='word_1_16' title='bbox 1079 400 1160 468; x_wconf 88' lang='lat' dir='ltr'><strong>dum</strong></span> 
     </span>
     <span class='ocr_line' id='line_1_4' title="bbox 154 499 1159 590; baseline -0.001 -23"><span class='ocrx_word' id='word_1_17' title='bbox 154 501 246 567; x_wconf 88' lang='lat' dir='ltr'><strong>fluxa</strong></span> <span class='ocrx_word' id='word_1_18' title='bbox 276 502 481 568; x_wconf 74' lang='lat' dir='ltr'><strong>consuetudo</strong></span> <span class='ocrx_word' id='word_1_19' title='bbox 504 499 529 590; x_wconf 89' lang='lat'><strong>¹)</strong></span> <span class='ocrx_word' id='word_1_20' title='bbox 569 525 635 567; x_wconf 91' lang='lat' dir='ltr'><strong>non</strong></span> <span class='ocrx_word' id='word_1_21' title='bbox 663 502 823 587; x_wconf 84' lang='lat' dir='ltr'><strong>erigitur,</strong></span> <span class='ocrx_word' id='word_1_22' title='bbox 860 523 924 590; x_wconf 91' lang='lat' dir='ltr'><strong>quo</strong></span> <span class='ocrx_word' id='word_1_23' title='bbox 955 500 1159 568; x_wconf 88' lang='lat' dir='ltr'><strong>desiderium</strong></span> 
     </span>
     <span class='ocr_line' id='line_1_5' title="bbox 154 599 1158 687; baseline 0.003 -23"><span class='ocrx_word' id='word_1_24' title='bbox 154 600 324 682; x_wconf 89' lang='lat' dir='ltr'><strong>innititur,</strong></span> <span class='ocrx_word' id='word_1_25' title='bbox 347 600 430 676; x_wconf 91' lang='lat' dir='ltr'><strong>illue</strong></span> <span class='ocrx_word' id='word_1_26' title='bbox 453 623 589 684; x_wconf 79' lang='lat' dir='ltr'><strong>gressus</strong></span> <span class='ocrx_word' id='word_1_27' title='bbox 607 603 717 687; x_wconf 87' lang='lat' dir='ltr'><strong>operis</strong></span> <span class='ocrx_word' id='word_1_28' title='bbox 732 599 913 665; x_wconf 86' lang='lat' dir='ltr'><strong>efficaciter</strong></span> <span class='ocrx_word' id='word_1_29' title='bbox 927 623 995 667; x_wconf 90' lang='lat' dir='ltr'><strong>non</strong></span> <span class='ocrx_word' id='word_1_30' title='bbox 1011 623 1158 687; x_wconf 90' lang='lat' dir='ltr'><strong>sequun-</strong></span> 
     </span>
     <span class='ocr_line' id='line_1_6' title="bbox 153 699 1158 767; baseline 0.001 -1"><span class='ocrx_word' id='word_1_31' title='bbox 153 713 216 766; x_wconf 85' lang='lat' dir='ltr'><strong>tur.</strong></span> <span class='ocrx_word' id='word_1_32' title='bbox 260 699 350 766; x_wconf 92' lang='lat' dir='ltr'><strong>Hinc</strong></span> <span class='ocrx_word' id='word_1_33' title='bbox 372 701 458 766; x_wconf 86' lang='lat' dir='ltr'><strong>enim</strong></span> <span class='ocrx_word' id='word_1_34' title='bbox 482 699 608 766; x_wconf 84' lang='lat' dir='ltr'><strong>Paulus</strong></span> <span class='ocrx_word' id='word_1_35' title='bbox 638 700 731 767; x_wconf 87' lang='lat' dir='ltr'><strong>dicit:</strong></span> <span class='ocrx_word' id='word_1_36' title='bbox 768 699 982 765; x_wconf 84' lang='lat' dir='ltr'><strong>Remissas</strong></span> <span class='ocrx_word' id='word_1_37' title='bbox 1007 723 1158 767; x_wconf 86' lang='lat' dir='ltr'><strong>manus</strong></span> 
     </span>
     <span class='ocr_line' id='line_1_7' title="bbox 154 799 1158 884; baseline 0 -20"><span class='ocrx_word' id='word_1_38' title='bbox 154 807 194 864; x_wconf 91' lang='lat' dir='ltr'><strong>et</strong></span> <span class='ocrx_word' id='word_1_39' title='bbox 217 799 434 866; x_wconf 84' lang='lat' dir='ltr'><strong>dissoluta</strong></span> <span class='ocrx_word' id='word_1_40' title='bbox 455 821 588 884; x_wconf 85' lang='lat' dir='ltr'><strong>genua</strong></span> <span class='ocrx_word' id='word_1_41' title='bbox 612 801 778 884; x_wconf 89' lang='lat' dir='ltr'><strong>erigite,</strong></span> <span class='ocrx_word' id='word_1_42' title='bbox 811 807 850 864; x_wconf 90' lang='lat' dir='ltr'><strong>et</strong></span> <span class='ocrx_word' id='word_1_43' title='bbox 869 820 1051 884; x_wconf 82' lang='lat' dir='ltr'><strong>gressus</strong></span> <span class='ocrx_word' id='word_1_44' title='bbox 1072 805 1158 864; x_wconf 85' lang='lat' dir='ltr'><strong>ree-</strong></span> 
     </span>
     <span class='ocr_line' id='line_1_8' title="bbox 153 896 1158 986; baseline -0.004 -20"><span class='ocrx_word' id='word_1_45' title='bbox 153 912 222 967; x_wconf 87' lang='lat' dir='ltr'><strong>tos</strong></span> <span class='ocrx_word' id='word_1_46' title='bbox 242 901 372 966; x_wconf 86' lang='lat' dir='ltr'><strong>fecite</strong></span> <span class='ocrx_word' id='word_1_47' title='bbox 393 897 576 986; x_wconf 88' lang='lat' dir='ltr'><strong>pedibus</strong></span> <span class='ocrx_word' id='word_1_48' title='bbox 606 901 787 983; x_wconf 85' lang='lat' dir='ltr'><strong>vestris,</strong></span> <span class='ocrx_word' id='word_1_49' title='bbox 820 910 862 965; x_wconf 94' lang='lat' dir='ltr'><strong>ut</strong></span> <span class='ocrx_word' id='word_1_50' title='bbox 891 920 969 964; x_wconf 89' lang='lat' dir='ltr'><strong>non</strong></span> <span class='ocrx_word' id='word_1_51' title='bbox 997 896 1158 964; x_wconf 83' lang='lat' dir='ltr'><strong>claudi·</strong></span> 
     </span>
     <span class='ocr_line' id='line_1_9' title="bbox 152 995 1159 1086; baseline -0.005 -21"><span class='ocrx_word' id='word_1_52' title='bbox 152 1020 253 1066; x_wconf 84' lang='lat' dir='ltr'><strong>cens</strong></span> <span class='ocrx_word' id='word_1_53' title='bbox 277 995 386 1086; x_wconf 51' lang='lat' dir='ltr'><strong>¹quis</strong></span> <span class='ocrx_word' id='word_1_54' title='bbox 417 1009 546 1078; x_wconf 87' lang='lat' dir='ltr'><strong>erret,</strong></span> <span class='ocrx_word' id='word_1_55' title='bbox 580 999 720 1084; x_wconf 84' lang='lat' dir='ltr'><strong>magis</strong></span> <span class='ocrx_word' id='word_1_56' title='bbox 752 1009 887 1064; x_wconf 88' lang='lat' dir='ltr'><strong>autem</strong></span> <span class='ocrx_word' id='word_1_57' title='bbox 920 1003 1103 1077; x_wconf 87' lang='lat' dir='ltr'><strong>sanetur,</strong></span> <span class='ocrx_word' id='word_1_58' title='bbox 1127 995 1159 1084; x_wconf 71' lang='grc' dir='ltr'><strong>2)Ι</strong></span> 
     </span>
     <span class='ocr_line' id='line_1_10' title="bbox 151 1097 1157 1185; baseline -0.005 -21"><span class='ocrx_word' id='word_1_59' title='bbox 151 1100 262 1164; x_wconf 85' lang='lat' dir='ltr'><strong>Parvo</strong></span> <span class='ocrx_word' id='word_1_60' title='bbox 285 1108 397 1163; x_wconf 90' lang='lat' dir='ltr'><strong>autem</strong></span> <span class='ocrx_word' id='word_1_61' title='bbox 418 1119 501 1162; x_wconf 88' lang='lat' dir='ltr'><strong>naso</strong></span> <span class='ocrx_word' id='word_1_62' title='bbox 526 1107 593 1181; x_wconf 87' lang='lat' dir='ltr'><strong>est,</strong></span> <span class='ocrx_word' id='word_1_63' title='bbox 617 1099 676 1185; x_wconf 91' lang='lat' dir='ltr'><strong>qui</strong></span> <span class='ocrx_word' id='word_1_64' title='bbox 698 1097 741 1163; x_wconf 90' lang='lat' dir='ltr'><strong>ad</strong></span> <span class='ocrx_word' id='word_1_65' title='bbox 762 1098 942 1164; x_wconf 88' lang='lat' dir='ltr'><strong>tenendam</strong></span> <span class='ocrx_word' id='word_1_66' title='bbox 963 1117 1157 1162; x_wconf 86' lang='lat' dir='ltr'><strong>mensuram</strong></span> 
     </span>
     <span class='ocr_line' id='line_1_11' title="bbox 99 1193 1159 1284; baseline -0.002 -20"><span class='ocrx_word' id='word_1_67' title='bbox 99 1223 103 1230; x_wconf 91' lang='lat'>·</span> <span class='ocrx_word' id='word_1_68' title='bbox 152 1197 362 1264; x_wconf 81' lang='lat' dir='ltr'><strong>discretionis</strong></span> <span class='ocrx_word' id='word_1_69' title='bbox 390 1195 530 1262; x_wconf 90' lang='lat' dir='ltr'><strong>idoneus</strong></span> <span class='ocrx_word' id='word_1_70' title='bbox 556 1219 623 1264; x_wconf 89' lang='lat' dir='ltr'><strong>non</strong></span> <span class='ocrx_word' id='word_1_71' title='bbox 651 1207 710 1262; x_wconf 86' lang='lat' dir='ltr'><strong>est</strong></span> <span class='ocrx_word' id='word_1_72' title='bbox 762 1196 852 1264; x_wconf 88' lang='lat' dir='ltr'><strong>Naso</strong></span> <span class='ocrx_word' id='word_1_73' title='bbox 882 1198 1006 1284; x_wconf 87' lang='lat' dir='ltr'><strong>quippe</strong></span> <span class='ocrx_word' id='word_1_74' title='bbox 1035 1193 1159 1262; x_wconf 86' lang='lat' dir='ltr'><strong>odores</strong></span> 
     </span>
     <span class='ocr_line' id='line_1_12' title="bbox 149 1294 1157 1386; baseline 0 -24"><span class='ocrx_word' id='word_1_75' title='bbox 149 1298 361 1382; x_wconf 85' lang='lat' dir='ltr'><strong>foetoresque</strong></span> <span class='ocrx_word' id='word_1_76' title='bbox 384 1295 610 1360; x_wconf 86' lang='lat' dir='ltr'><strong>discernimus.</strong></span> <span class='ocrx_word' id='word_1_77' title='bbox 652 1297 756 1360; x_wconf 89' lang='lat' dir='ltr'><strong>Recte</strong></span> <span class='ocrx_word' id='word_1_78' title='bbox 779 1318 864 1386; x_wconf 26' lang='lat' dir='ltr'><strong>ergo.</strong></span> <span class='ocrx_word' id='word_1_79' title='bbox 879 1318 940 1382; x_wconf 89' lang='lat' dir='ltr'><strong>per</strong></span> <span class='ocrx_word' id='word_1_80' title='bbox 954 1317 1073 1361; x_wconf 84' lang='lat' dir='ltr'><strong>nasum</strong></span> <span class='ocrx_word' id='word_1_81' title='bbox 1086 1294 1157 1362; x_wconf 83' lang='lat' dir='ltr'><strong>dis·</strong></span> 
     </span>
    </p>
   </div>
   <div class='ocr_carea' id='block_1_3' title="bbox 152 1391 1265 1482">
    <p class='ocr_par' dir='ltr' id='par_1_3' title="bbox 152 1391 1265 1482">
     <span class='ocr_line' id='line_1_13' title="bbox 152 1391 1265 1482; baseline -0.002 -22"><span class='ocrx_word' id='word_1_82' title='bbox 152 1396 255 1482; x_wconf 83' lang='lat' dir='ltr'><strong>cretio</strong></span> <span class='ocrx_word' id='word_1_83' title='bbox 279 1396 493 1480; x_wconf 87' lang='lat' dir='ltr'><strong>exprimitur,</strong></span> <span class='ocrx_word' id='word_1_84' title='bbox 519 1418 580 1482; x_wconf 89' lang='lat' dir='ltr'><strong>per</strong></span> <span class='ocrx_word' id='word_1_85' title='bbox 603 1418 703 1481; x_wconf 89' lang='lat' dir='ltr'><strong>quam</strong></span> <span class='ocrx_word' id='word_1_86' title='bbox 726 1396 867 1460; x_wconf 88' lang='lat' dir='ltr'><strong>virtutes</strong></span> <span class='ocrx_word' id='word_1_87' title='bbox 891 1395 1063 1478; x_wconf 87' lang='lat' dir='ltr'><strong>eligimus,</strong></span> <span class='ocrx_word' id='word_1_88' title='bbox 1096 1391 1156 1458; x_wconf 85' lang='lat' dir='ltr'><strong>de·</strong></span> <span class='ocrx_word' id='word_1_89' title='bbox 1264 1431 1265 1434; x_wconf 16' lang='grc' dir='ltr'><strong>κ</strong></span> 
     </span>
    </p>
   </div>
   <div class='ocr_carea' id='block_1_4' title="bbox 146 1491 1205 3059">
    <p class='ocr_par' dir='ltr' id='par_1_4' title="bbox 146 1491 1205 3059">
     <span class='ocr_line' id='line_1_14' title="bbox 150 1491 1157 1580; baseline 0.001 -22"><span class='ocrx_word' id='word_1_90' title='bbox 150 1492 232 1559; x_wconf 85' lang='lat' dir='ltr'><strong>licta</strong></span> <span class='ocrx_word' id='word_1_91' title='bbox 257 1491 486 1578; x_wconf 84' lang='lat' dir='ltr'><strong>reprobemus.</strong></span> <span class='ocrx_word' id='word_1_92' title='bbox 531 1493 629 1559; x_wconf 91' lang='lat' dir='ltr'><strong>Unde</strong></span> <span class='ocrx_word' id='word_1_93' title='bbox 658 1505 691 1560; x_wconf 92' lang='lat' dir='ltr'><strong>et</strong></span> <span class='ocrx_word' id='word_1_94' title='bbox 713 1495 748 1558; x_wconf 90' lang='lat' dir='ltr'><strong>in</strong></span> <span class='ocrx_word' id='word_1_95' title='bbox 776 1492 876 1560; x_wconf 87' lang='lat' dir='ltr'><strong>laude</strong></span> <span class='ocrx_word' id='word_1_96' title='bbox 907 1515 1049 1580; x_wconf 81' lang='lat' dir='ltr'><strong>sponsae</strong></span> <span class='ocrx_word' id='word_1_97' title='bbox 1072 1493 1157 1560; x_wconf 72' lang='lat' dir='ltr'><strong>dici·</strong></span> 
     </span>
     <span class='ocr_line' id='line_1_15' title="bbox 150 1591 1155 1677; baseline 0.001 -20"><span class='ocrx_word' id='word_1_98' title='bbox 150 1603 220 1659; x_wconf 88' lang='lat' dir='ltr'><strong>tur:</strong></span> <span class='ocrx_word' id='word_1_99' title='bbox 257 1591 392 1658; x_wconf 86' lang='lat' dir='ltr'><strong>Nasus</strong></span> <span class='ocrx_word' id='word_1_100' title='bbox 424 1601 520 1658; x_wconf 91' lang='lat' dir='ltr'><strong>tuus</strong></span> <span class='ocrx_word' id='word_1_101' title='bbox 553 1595 659 1658; x_wconf 91' lang='lat' dir='ltr'><strong>sicut</strong></span> <span class='ocrx_word' id='word_1_102' title='bbox 691 1593 847 1671; x_wconf 86' lang='lat' dir='ltr'><strong>turris,</strong></span> <span class='ocrx_word' id='word_1_103' title='bbox 880 1613 988 1677; x_wconf 83' lang='lat' dir='ltr'><strong>quae</strong></span> <span class='ocrx_word' id='word_1_104' title='bbox 1019 1601 1081 1656; x_wconf 88' lang='lat' dir='ltr'><strong>est</strong></span> <span class='ocrx_word' id='word_1_105' title='bbox 1110 1593 1155 1659; x_wconf 83' lang='lat' dir='ltr'><strong>in</strong></span> 
     </span>
     <span class='ocr_line' id='line_1_16' title="bbox 149 1687 1151 1775; baseline 0.001 -21"><span class='ocrx_word' id='word_1_106' title='bbox 149 1689 316 1757; x_wconf 87' lang='lat' dir='ltr'><strong>Libano</strong></span> <span class='ocrx_word' id='word_1_107' title='bbox 335 1689 373 1775; x_wconf 76' lang='lat'><strong>³),</strong></span> <span class='ocrx_word' id='word_1_108' title='bbox 398 1691 478 1773; x_wconf 90' lang='lat' dir='ltr'><strong>quia</strong></span> <span class='ocrx_word' id='word_1_109' title='bbox 500 1693 654 1756; x_wconf 92' lang='lat' dir='ltr'><strong>nimirum</strong></span> <span class='ocrx_word' id='word_1_110' title='bbox 671 1698 785 1755; x_wconf 85' lang='lat' dir='ltr'><strong>sancta</strong></span> <span class='ocrx_word' id='word_1_111' title='bbox 807 1687 973 1770; x_wconf 84' lang='lat' dir='ltr'><strong>Ecclesia,</strong></span> <span class='ocrx_word' id='word_1_112' title='bbox 998 1709 1085 1774; x_wconf 89' lang='lat' dir='ltr'><strong>quae</strong></span> <span class='ocrx_word' id='word_1_113' title='bbox 1108 1711 1151 1755; x_wconf 83' lang='lat' dir='ltr'><strong>ex</strong></span> 
     </span>
     <span class='ocr_line' id='line_1_17' title="bbox 152 1786 1149 1876; baseline -0.001 -22"><span class='ocrx_word' id='word_1_114' title='bbox 152 1791 263 1855; x_wconf 88' lang='lat' dir='ltr'><strong>causis</strong></span> <span class='ocrx_word' id='word_1_115' title='bbox 286 1787 429 1874; x_wconf 86' lang='lat' dir='ltr'><strong>singulis</strong></span> <span class='ocrx_word' id='word_1_116' title='bbox 451 1799 655 1855; x_wconf 82' lang='lat' dir='ltr'><strong>tentamenta</strong></span> <span class='ocrx_word' id='word_1_117' title='bbox 677 1789 859 1876; x_wconf 85' lang='lat' dir='ltr'><strong>prodeant,</strong></span> <span class='ocrx_word' id='word_1_118' title='bbox 893 1809 954 1873; x_wconf 90' lang='lat' dir='ltr'><strong>per</strong></span> <span class='ocrx_word' id='word_1_119' title='bbox 975 1786 1149 1853; x_wconf 89' lang='lat' dir='ltr'><strong>diseretio·</strong></span> 
     </span>
     <span class='ocr_line' id='line_1_18' title="bbox 151 1884 1151 1973; baseline -0.003 -19"><span class='ocrx_word' id='word_1_120' title='bbox 151 1911 226 1954; x_wconf 92' lang='lat' dir='ltr'><strong>nem</strong></span> <span class='ocrx_word' id='word_1_121' title='bbox 250 1889 425 1973; x_wconf 86' lang='lat' dir='ltr'><strong>conspicit,</strong></span> <span class='ocrx_word' id='word_1_122' title='bbox 450 1900 483 1954; x_wconf 90' lang='lat' dir='ltr'><strong>et</strong></span> <span class='ocrx_word' id='word_1_123' title='bbox 504 1898 649 1954; x_wconf 87' lang='lat' dir='ltr'><strong>ventura</strong></span> <span class='ocrx_word' id='word_1_124' title='bbox 671 1888 831 1954; x_wconf 86' lang='lat' dir='ltr'><strong>vitiorum</strong></span> <span class='ocrx_word' id='word_1_125' title='bbox 846 1886 935 1952; x_wconf 81' lang='lat' dir='ltr'><strong>belle</strong></span> <span class='ocrx_word' id='word_1_126' title='bbox 955 1907 997 1950; x_wconf 88' lang='lat' dir='ltr'><strong>cx</strong></span> <span class='ocrx_word' id='word_1_127' title='bbox 1012 1885 1079 1951; x_wconf 88' lang='lat' dir='ltr'><strong>alto</strong></span> <span class='ocrx_word' id='word_1_128' title='bbox 1093 1884 1151 1950; x_wconf 88' lang='lat' dir='ltr'><strong>de-</strong></span> 
     </span>
     <span class='ocr_line' id='line_1_19' title="bbox 150 1985 1151 2073; baseline -0.002 -23"><span class='ocrx_word' id='word_1_129' title='bbox 150 1985 335 2073; x_wconf 89' lang='lat' dir='ltr'><strong>prehendit.</strong></span> <span class='ocrx_word' id='word_1_130' title='bbox 380 1985 447 2052; x_wconf 84' lang='lat' dir='ltr'><strong>Sed</strong></span> <span class='ocrx_word' id='word_1_131' title='bbox 473 1998 553 2054; x_wconf 88' lang='lat' dir='ltr'><strong>sunt</strong></span> <span class='ocrx_word' id='word_1_132' title='bbox 580 1987 753 2072; x_wconf 86' lang='lat' dir='ltr'><strong>nonnulli,</strong></span> <span class='ocrx_word' id='word_1_133' title='bbox 784 1989 842 2072; x_wconf 89' lang='lat' dir='ltr'><strong>qui</strong></span> <span class='ocrx_word' id='word_1_134' title='bbox 871 1985 949 2052; x_wconf 93' lang='lat' dir='ltr'><strong>dum</strong></span> <span class='ocrx_word' id='word_1_135' title='bbox 979 1985 1151 2050; x_wconf 85' lang='lat' dir='ltr'><strong>aestimari</strong></span> 
     </span>
     <span class='ocr_line' id='line_1_20' title="bbox 149 2084 1149 2174; baseline -0.003 -21"><span class='ocrx_word' id='word_1_136' title='bbox 149 2084 288 2153; x_wconf 87' lang='lat' dir='ltr'><strong>hebetes</strong></span> <span class='ocrx_word' id='word_1_137' title='bbox 320 2086 459 2169; x_wconf 87' lang='lat' dir='ltr'><strong>nolunt,</strong></span> <span class='ocrx_word' id='word_1_138' title='bbox 494 2110 594 2174; x_wconf 84' lang='lat' dir='ltr'><strong>saepe</strong></span> <span class='ocrx_word' id='word_1_139' title='bbox 619 2110 653 2152; x_wconf 90' lang='lat' dir='ltr'><strong>se</strong></span> <span class='ocrx_word' id='word_1_140' title='bbox 680 2087 716 2152; x_wconf 91' lang='lat' dir='ltr'><strong>in</strong></span> <span class='ocrx_word' id='word_1_141' title='bbox 739 2086 938 2172; x_wconf 88' lang='lat' dir='ltr'><strong>quibusdam</strong></span> <span class='ocrx_word' id='word_1_142' title='bbox 960 2085 1149 2172; x_wconf 88' lang='lat' dir='ltr'><strong>inquisitio·</strong></span> 
     </span>
     <span class='ocr_line' id='line_1_21' title="bbox 149 2185 1152 2272; baseline -0.003 -21"><span class='ocrx_word' id='word_1_143' title='bbox 149 2185 248 2252; x_wconf 87' lang='lat' dir='ltr'><strong>nibus</strong></span> <span class='ocrx_word' id='word_1_144' title='bbox 270 2187 363 2272; x_wconf 86' lang='lat' dir='ltr'><strong>plus,</strong></span> <span class='ocrx_word' id='word_1_145' title='bbox 388 2206 488 2272; x_wconf 85' lang='lat' dir='ltr'><strong>quam</strong></span> <span class='ocrx_word' id='word_1_146' title='bbox 509 2207 645 2250; x_wconf 87' lang='lat' dir='ltr'><strong>necesse</strong></span> <span class='ocrx_word' id='word_1_147' title='bbox 665 2195 726 2267; x_wconf 88' lang='lat' dir='ltr'><strong>est,</strong></span> <span class='ocrx_word' id='word_1_148' title='bbox 751 2197 956 2266; x_wconf 86' lang='lat' dir='ltr'><strong>exercentes,</strong></span> <span class='ocrx_word' id='word_1_149' title='bbox 982 2207 1025 2249; x_wconf 82' lang='lat' dir='ltr'><strong>ex</strong></span> <span class='ocrx_word' id='word_1_150' title='bbox 1045 2185 1152 2248; x_wconf 85' lang='lat' dir='ltr'><strong>nimia</strong></span> 
     </span>
     <span class='ocr_line' id='line_1_22' title="bbox 149 2280 1147 2369; baseline -0.005 -19"><span class='ocrx_word' id='word_1_151' title='bbox 149 2283 334 2350; x_wconf 82' lang='lat' dir='ltr'><strong>subtilitate</strong></span> <span class='ocrx_word' id='word_1_152' title='bbox 344 2284 521 2351; x_wconf 89' lang='lat' dir='ltr'><strong>falluntur.</strong></span> <span class='ocrx_word' id='word_1_153' title='bbox 555 2284 653 2348; x_wconf 90' lang='lat' dir='ltr'><strong>Unde</strong></span> <span class='ocrx_word' id='word_1_154' title='bbox 668 2284 722 2348; x_wconf 92' lang='lat' dir='ltr'><strong>hic</strong></span> <span class='ocrx_word' id='word_1_155' title='bbox 735 2306 867 2369; x_wconf 89' lang='lat' dir='ltr'><strong>quoqne</strong></span> <span class='ocrx_word' id='word_1_156' title='bbox 883 2282 1050 2350; x_wconf 89' lang='lat' dir='ltr'><strong>subditur:</strong></span> <span class='ocrx_word' id='word_1_157' title='bbox 1072 2280 1147 2348; x_wconf 89' lang='lat' dir='ltr'><strong>Vel</strong></span> 
     </span>
     <span class='ocr_line' id='line_1_23' title="bbox 148 2380 1149 2466; baseline 0 -20"><span class='ocrx_word' id='word_1_158' title='bbox 148 2382 305 2466; x_wconf 87' lang='lat' dir='ltr'><strong>grandi</strong></span> <span class='ocrx_word' id='word_1_159' title='bbox 335 2393 371 2446; x_wconf 91' lang='lat' dir='ltr'><strong>et</strong></span> <span class='ocrx_word' id='word_1_160' title='bbox 396 2391 512 2447; x_wconf 90' lang='lat' dir='ltr'><strong>torto</strong></span> <span class='ocrx_word' id='word_1_161' title='bbox 541 2405 655 2449; x_wconf 82' lang='lat' dir='ltr'><strong>nuso.</strong></span> <span class='ocrx_word' id='word_1_162' title='bbox 698 2381 810 2447; x_wconf 83' lang='lat' dir='ltr'><strong>Nasus</strong></span> <span class='ocrx_word' id='word_1_163' title='bbox 843 2383 929 2447; x_wconf 87' lang='lat' dir='ltr'><strong>enim</strong></span> <span class='ocrx_word' id='word_1_164' title='bbox 951 2380 1089 2466; x_wconf 85' lang='lat' dir='ltr'><strong>grandis</strong></span> <span class='ocrx_word' id='word_1_165' title='bbox 1113 2389 1149 2446; x_wconf 89' lang='lat' dir='ltr'><strong>et</strong></span> 
     </span>
     <span class='ocr_line' id='line_1_24' title="bbox 147 2475 1146 2567; baseline 0 -23"><span class='ocrx_word' id='word_1_166' title='bbox 147 2475 255 2545; x_wconf 85' lang='lat' dir='ltr'><strong>tortus</strong></span> <span class='ocrx_word' id='word_1_167' title='bbox 284 2491 335 2545; x_wconf 91' lang='lat' dir='ltr'><strong>est</strong></span> <span class='ocrx_word' id='word_1_168' title='bbox 364 2481 575 2547; x_wconf 88' lang='lat' dir='ltr'><strong>discretionis</strong></span> <span class='ocrx_word' id='word_1_169' title='bbox 597 2480 764 2546; x_wconf 84' lang='lat' dir='ltr'><strong>subtilitas</strong></span> <span class='ocrx_word' id='word_1_170' title='bbox 792 2479 1023 2564; x_wconf 86' lang='lat' dir='ltr'><strong>immoderate,</strong></span> <span class='ocrx_word' id='word_1_171' title='bbox 1049 2497 1146 2567; x_wconf 84' lang='lat' dir='ltr'><strong>-quse</strong></span> 
     </span>
     <span class='ocr_line' id='line_1_25' title="bbox 148 2578 1205 2666; baseline -0.002 -22"><span class='ocrx_word' id='word_1_172' title='bbox 148 2578 225 2644; x_wconf 91' lang='lat' dir='ltr'><strong>dum</strong></span> <span class='ocrx_word' id='word_1_173' title='bbox 247 2579 325 2666; x_wconf 89' lang='lat' dir='ltr'><strong>plus</strong></span> <span class='ocrx_word' id='word_1_174' title='bbox 348 2603 447 2666; x_wconf 90' lang='lat' dir='ltr'><strong>quam</strong></span> <span class='ocrx_word' id='word_1_175' title='bbox 464 2580 559 2644; x_wconf 87' lang='lat' dir='ltr'><strong>decet</strong></span> <span class='ocrx_word' id='word_1_176' title='bbox 574 2581 771 2660; x_wconf 89' lang='lat' dir='ltr'><strong>excreverit,</strong></span> <span class='ocrx_word' id='word_1_177' title='bbox 795 2582 935 2647; x_wconf 86' lang='lat' dir='ltr'><strong>actionis</strong></span> <span class='ocrx_word' id='word_1_178' title='bbox 953 2603 1035 2648; x_wconf 86' lang='lat' dir='ltr'><strong>suae</strong></span> <span class='ocrx_word' id='word_1_179' title='bbox 1049 2581 1148 2644; x_wconf 79' lang='lat' dir='ltr'><strong>recti·</strong></span> <span class='ocrx_word' id='word_1_180' title='bbox 1203 2598 1205 2602; x_wconf 80' lang='grc'><strong>’</strong></span> 
     </span>
     <span class='ocr_line' id='line_1_26' title="bbox 147 2678 1146 2767; baseline 0.001 -25"><span class='ocrx_word' id='word_1_181' title='bbox 147 2679 297 2744; x_wconf 89' lang='lat' dir='ltr'><strong>tudinem</strong></span> <span class='ocrx_word' id='word_1_182' title='bbox 312 2681 385 2766; x_wconf 86' lang='lat' dir='ltr'><strong>ipsa</strong></span> <span class='ocrx_word' id='word_1_183' title='bbox 398 2679 578 2745; x_wconf 87' lang='lat' dir='ltr'><strong>confundit.</strong></span> <span class='ocrx_word' id='word_1_184' title='bbox 609 2681 731 2745; x_wconf 82' lang='lat' dir='ltr'><strong>Fracto</strong></span> <span class='ocrx_word' id='word_1_185' title='bbox 749 2690 858 2744; x_wconf 88' lang='lat' dir='ltr'><strong>autem</strong></span> <span class='ocrx_word' id='word_1_186' title='bbox 875 2680 959 2767; x_wconf 91' lang='lat' dir='ltr'><strong>pede</strong></span> <span class='ocrx_word' id='word_1_187' title='bbox 973 2678 1029 2746; x_wconf 87' lang='lat' dir='ltr'><strong>vel</strong></span> <span class='ocrx_word' id='word_1_188' title='bbox 1043 2700 1146 2744; x_wconf 83' lang='lat' dir='ltr'><strong>manu</strong></span> 
     </span>
     <span class='ocr_line' id='line_1_27' title="bbox 147 2778 1145 2868; baseline 0 -25"><span class='ocrx_word' id='word_1_189' title='bbox 147 2789 213 2861; x_wconf 88' lang='lat' dir='ltr'><strong>est,</strong></span> <span class='ocrx_word' id='word_1_190' title='bbox 239 2779 296 2864; x_wconf 91' lang='lat' dir='ltr'><strong>qui</strong></span> <span class='ocrx_word' id='word_1_191' title='bbox 317 2779 405 2868; x_wconf 85' lang='lat' dir='ltr'><strong>viam</strong></span> <span class='ocrx_word' id='word_1_192' title='bbox 428 2778 495 2841; x_wconf 92' lang='lat' dir='ltr'><strong>Dei</strong></span> <span class='ocrx_word' id='word_1_193' title='bbox 515 2799 655 2865; x_wconf 86' lang='lat' dir='ltr'><strong>pergere</strong></span> <span class='ocrx_word' id='word_1_194' title='bbox 677 2779 808 2845; x_wconf 88' lang='lat' dir='ltr'><strong>omnine</strong></span> <span class='ocrx_word' id='word_1_195' title='bbox 830 2800 898 2844; x_wconf 90' lang='lat' dir='ltr'><strong>non</strong></span> <span class='ocrx_word' id='word_1_196' title='bbox 914 2779 1018 2858; x_wconf 84' lang='lat' dir='ltr'><strong>valet,</strong></span> <span class='ocrx_word' id='word_1_197' title='bbox 1043 2788 1145 2864; x_wconf 85' lang='lat' dir='ltr'><strong>atque</strong></span> 
     </span>
     <span class='ocr_line' id='line_1_28' title="bbox 146 2875 1146 2962; baseline 0.002 -20"><span class='ocrx_word' id='word_1_198' title='bbox 146 2901 168 2942; x_wconf 84' lang='lat' dir='ltr'><strong>e</strong></span> <span class='ocrx_word' id='word_1_199' title='bbox 188 2879 286 2944; x_wconf 89' lang='lat' dir='ltr'><strong>bonis</strong></span> <span class='ocrx_word' id='word_1_200' title='bbox 308 2876 438 2942; x_wconf 83' lang='lat' dir='ltr'><strong>actibus</strong></span> <span class='ocrx_word' id='word_1_201' title='bbox 459 2877 608 2943; x_wconf 88' lang='lat' dir='ltr'><strong>funditus</strong></span> <span class='ocrx_word' id='word_1_202' title='bbox 630 2899 727 2943; x_wconf 86' lang='lat' dir='ltr'><strong>exors</strong></span> <span class='ocrx_word' id='word_1_203' title='bbox 745 2890 856 2944; x_wconf 85' lang='lat' dir='ltr'><strong>vacat:</strong></span> <span class='ocrx_word' id='word_1_204' title='bbox 880 2875 1146 2962; x_wconf 76' lang='lat' dir='ltr'><strong>quatennshaec</strong></span> 
     </span>
     <span class='ocr_line' id='line_1_29' title="bbox 146 2976 1144 3059; baseline 0.001 -17"><span class='ocrx_word' id='word_1_205' title='bbox 146 3000 213 3044; x_wconf 91' lang='lat' dir='ltr'><strong>non</strong></span> <span class='ocrx_word' id='word_1_206' title='bbox 233 2990 271 3044; x_wconf 90' lang='lat' dir='ltr'><strong>ut</strong></span> <span class='ocrx_word' id='word_1_207' title='bbox 293 2977 428 3043; x_wconf 89' lang='lat' dir='ltr'><strong>claudus</strong></span> <span class='ocrx_word' id='word_1_208' title='bbox 459 2977 576 3043; x_wconf 87' lang='lat' dir='ltr'><strong>saltem</strong></span> <span class='ocrx_word' id='word_1_209' title='bbox 601 2999 674 3042; x_wconf 88' lang='lat' dir='ltr'><strong>cum</strong></span> <span class='ocrx_word' id='word_1_210' title='bbox 704 2978 895 3043; x_wconf 87' lang='lat' dir='ltr'><strong>infirmitate</strong></span> <span class='ocrx_word' id='word_1_211' title='bbox 916 2985 1050 3059; x_wconf 88' lang='lat' dir='ltr'><strong>teneat,</strong></span> <span class='ocrx_word' id='word_1_212' title='bbox 1085 2976 1144 3043; x_wconf 87' lang='lat' dir='ltr'><strong>sed</strong></span> 
     </span>
    </p>
   </div>
   <div class='ocr_carea' id='block_1_5' title="bbox 146 3074 1265 3158">
    <p class='ocr_par' dir='ltr' id='par_1_5' title="bbox 146 3074 1265 3158">
     <span class='ocr_line' id='line_1_30' title="bbox 146 3074 1265 3158; baseline 0 -18"><span class='ocrx_word' id='word_1_213' title='bbox 146 3074 189 3140; x_wconf 90' lang='lat' dir='ltr'><strong>ab</strong></span> <span class='ocrx_word' id='word_1_214' title='bbox 215 3077 267 3142; x_wconf 89' lang='lat' dir='ltr'><strong>his</strong></span> <span class='ocrx_word' id='word_1_215' title='bbox 291 3075 475 3144; x_wconf 90' lang='lat' dir='ltr'><strong>omnimodo</strong></span> <span class='ocrx_word' id='word_1_216' title='bbox 498 3075 629 3142; x_wconf 86' lang='lat' dir='ltr'><strong>alienus</strong></span> <span class='ocrx_word' id='word_1_217' title='bbox 652 3079 784 3142; x_wconf 86' lang='lat' dir='ltr'><strong>existat.</strong></span> <span class='ocrx_word' id='word_1_218' title='bbox 831 3075 963 3140; x_wconf 79' lang='lat' dir='ltr'><strong>(iibbus</strong></span> <span class='ocrx_word' id='word_1_219' title='bbox 985 3085 1150 3158; x_wconf 79' lang='lat' dir='ltr'><strong>veroest,</strong></span> <span class='ocrx_word' id='word_1_220' title='bbox 1263 3133 1265 3150; x_wconf 79' lang='lat'><strong>,</strong></span> 
     </span>
    </p>
   </div>
   <div class='ocr_carea' id='block_1_6' title="bbox 145 3173 1150 3461">
    <p class='ocr_par' dir='ltr' id='par_1_6' title="bbox 145 3173 1150 3461">
     <span class='ocr_line' id='line_1_31' title="bbox 146 3173 1143 3264; baseline -0.002 -22"><span class='ocrx_word' id='word_1_221' title='bbox 146 3199 244 3264; x_wconf 86' lang='lat' dir='ltr'><strong>quem</strong></span> <span class='ocrx_word' id='word_1_222' title='bbox 267 3185 421 3242; x_wconf 88' lang='lat' dir='ltr'><strong>terrenae</strong></span> <span class='ocrx_word' id='word_1_223' title='bbox 439 3175 673 3243; x_wconf 88' lang='lat' dir='ltr'><strong>sollicitudinis</strong></span> <span class='ocrx_word' id='word_1_224' title='bbox 688 3173 818 3263; x_wconf 87' lang='lat' dir='ltr'><strong>pondus</strong></span> <span class='ocrx_word' id='word_1_225' title='bbox 835 3174 998 3259; x_wconf 88' lang='lat' dir='ltr'><strong>deprimit,</strong></span> <span class='ocrx_word' id='word_1_226' title='bbox 1021 3196 1062 3241; x_wconf 88' lang='lat' dir='ltr'><strong>ne</strong></span> <span class='ocrx_word' id='word_1_227' title='bbox 1080 3195 1143 3240; x_wconf 88' lang='lat' dir='ltr'><strong>un·</strong></span> 
     </span>
     <span class='ocr_line' id='line_1_32' title="bbox 146 3271 1150 3364; baseline -0.002 -22"><span class='ocrx_word' id='word_1_228' title='bbox 146 3300 246 3364; x_wconf 87' lang='lat' dir='ltr'><strong>quam</strong></span> <span class='ocrx_word' id='word_1_229' title='bbox 268 3275 313 3341; x_wconf 89' lang='lat' dir='ltr'><strong>ad</strong></span> <span class='ocrx_word' id='word_1_230' title='bbox 335 3299 483 3364; x_wconf 90' lang='lat' dir='ltr'><strong>superna</strong></span> <span class='ocrx_word' id='word_1_231' title='bbox 504 3277 680 3362; x_wconf 86' lang='lat' dir='ltr'><strong>respiciat,</strong></span> <span class='ocrx_word' id='word_1_232' title='bbox 713 3275 771 3342; x_wconf 91' lang='lat' dir='ltr'><strong>sed</strong></span> <span class='ocrx_word' id='word_1_233' title='bbox 792 3273 872 3342; x_wconf 89' lang='lat' dir='ltr'><strong>solis</strong></span> <span class='ocrx_word' id='word_1_234' title='bbox 893 3271 964 3355; x_wconf 90' lang='lat' dir='ltr'><strong>his,</strong></span> <span class='ocrx_word' id='word_1_235' title='bbox 997 3294 1084 3359; x_wconf 84' lang='lat' dir='ltr'><strong>quae</strong></span> <span class='ocrx_word' id='word_1_236' title='bbox 1106 3272 1150 3340; x_wconf 87' lang='lat' dir='ltr'><strong>in</strong></span> 
     </span>
     <span class='ocr_line' id='line_1_33' title="bbox 145 3370 1148 3461; baseline -0.004 -21"><span class='ocrx_word' id='word_1_237' title='bbox 145 3377 266 3442; x_wconf 84' lang='lat' dir='ltr'><strong>intimis</strong></span> <span class='ocrx_word' id='word_1_238' title='bbox 289 3376 483 3461; x_wconf 81' lang='lat' dir='ltr'><strong>calcentur,</strong></span> <span class='ocrx_word' id='word_1_239' title='bbox 516 3376 676 3443; x_wconf 82' lang='lat' dir='ltr'><strong>intendat.</strong></span> <span class='ocrx_word' id='word_1_240' title='bbox 720 3373 788 3456; x_wconf 78' lang='lat' dir='ltr'><strong>Qui</strong></span> <span class='ocrx_word' id='word_1_241' title='bbox 815 3385 848 3440; x_wconf 89' lang='lat' dir='ltr'><strong>et</strong></span> <span class='ocrx_word' id='word_1_242' title='bbox 872 3371 1057 3458; x_wconf 81' lang='lat' dir='ltr'><strong>siquando</strong></span> <span class='ocrx_word' id='word_1_243' title='bbox 1079 3370 1148 3438; x_wconf 68' lang='lat' dir='ltr'><strong>alt·</strong></span> 
     </span>
    </p>
   </div>
   <div class='ocr_carea' id='block_1_7' title="bbox 185 3581 1104 3657">
    <p class='ocr_par' dir='ltr' id='par_1_7' title="bbox 185 3581 1104 3657">
     <span class='ocr_line' id='line_1_34' title="bbox 185 3581 1104 3657; baseline -0.009 -15"><span class='ocrx_word' id='word_1_244' title='bbox 185 3591 203 3652; x_wconf 84' lang='lat'><strong>¹)</strong></span> <span class='ocrx_word' id='word_1_245' title='bbox 230 3589 292 3642; x_wconf 85' lang='lat' dir='ltr'><strong>Alit.</strong></span> <span class='ocrx_word' id='word_1_246' title='bbox 310 3591 504 3644; x_wconf 83' lang='lat' dir='ltr'><strong>cousuetudine.</strong></span> <span class='ocrx_word' id='word_1_247' title='bbox 523 3619 554 3630; x_wconf 85' lang='lat'><strong>-</strong></span> <span class='ocrx_word' id='word_1_248' title='bbox 574 3589 596 3656; x_wconf 84' lang='lat'><strong>²)</strong></span> <span class='ocrx_word' id='word_1_249' title='bbox 614 3588 677 3643; x_wconf 91' lang='lat' dir='ltr'><strong>Heb.</strong></span> <span class='ocrx_word' id='word_1_250' title='bbox 697 3589 738 3657; x_wconf 84' lang='lat'><strong>12,</strong></span> <span class='ocrx_word' id='word_1_251' title='bbox 757 3587 798 3643; x_wconf 82' lang='lat'><strong>12.</strong></span> <span class='ocrx_word' id='word_1_252' title='bbox 810 3585 851 3642; x_wconf 60' lang='lat' dir='ltr'><strong>l&amp;</strong></span> <span class='ocrx_word' id='word_1_253' title='bbox 873 3613 901 3624; x_wconf 89' lang='lat'>-</span> <span class='ocrx_word' id='word_1_254' title='bbox 923 3581 943 3648; x_wconf 85' lang='lat'><strong>¹)</strong></span> <span class='ocrx_word' id='word_1_255' title='bbox 961 3581 1104 3636; x_wconf 57' lang='lat' dir='ltr'><strong>centii.</strong></span> 
     </span>
    </p>
   </div>
   <div class='ocr_carea' id='block_1_8' title="bbox 0 0 1282 4150">
    <p class='ocr_par' dir='ltr' id='par_1_8' title="bbox 0 0 1282 4150">
     <span class='ocr_line' id='line_1_35' title="bbox 0 0 1282 4150; baseline 0 3"><span class='ocrx_word' id='word_1_256' title='bbox 0 0 1282 4150; x_wconf 95' lang='lat' dir='ltr'><strong> </strong></span> 
     </span>
    </p>
   </div>
  </div>
 </body>
</html>
