2520 4152
503 240 542 252 -
586 203 646 271 1⁴97
690 242 730 256 -

108 370 239 448 serint,
272 369 400 434 munita
427 368 596 436 subsistat.
640 369 736 450 Quae
760 373 847 436 enirn
875 371 991 436 futura
1014 381 1124 457 prae-¹

110 467 286 548 videntur,
310 488 385 531 cunr
407 471 602 552 praesentia
616 468 744 535 fuerint
752 519 762 551 ,
786 470 923 534 minoris
938 471 1072 534 virtutis
1086 471 1117 555 ¹)

109 566 213 650 liunt3
238 567 317 650 quia
339 566 417 630 dum
440 580 555 633 contra
578 571 678 634 ictum
700 569 842 655 quisque
864 569 1015 653 paratior
1038 566 1113 631 red·

112 661 220 747 ditur,
250 664 354 730 hostis
387 667 454 751 ¹qui
486 689 522 731 se
551 668 759 754 inopinatum
787 667 942 749 credidit,
973 690 1011 748 eo
1039 668 1115 754 ipso
1225 688 1227 692 ·

109 784 179 846 quo
200 766 375 848 praevisus
397 773 465 846 est,
490 776 681 832 enervatur.
782 762 792 783 ⁸
1118 777 1120 784 “

178 862 222 928 At
244 872 361 928 contra
383 863 582 931 admonendi
604 873 683 930 sunt
691 913 700 946 ,
725 867 783 952 qui
803 867 839 931 in
858 864 956 952 culpa
972 888 1014 929 ex
1034 887 1122 930 con·-

113 961 189 1028 silio
213 951 377 1046 ligantur,
403 974 567 1049 quatenus
589 965 732 1050 provida
753 965 1018 1030 consideratione
1037 985 1114 1051 per·

109 1061 278 1150 pendant,
314 1064 393 1149 quia
422 1062 500 1127 dum
530 1063 621 1128 mala
657 1085 700 1128 ex
724 1064 852 1148 judicio
878 1064 1028 1145 faciunt,
1064 1061 1121 1125 di··

109 1161 262 1226 strictius
285 1169 401 1225 contra
423 1182 457 1224 se
474 1161 641 1248 judicium
664 1163 867 1245 accendunt3
888 1172 928 1228 ut
947 1172 1040 1228 tanto
1055 1183 1112 1226 eos

110 1259 227 1324 durior
252 1261 418 1324 sententia
439 1261 557 1342 feriat,
581 1273 707 1347 quanto
728 1261 804 1328 illos
826 1265 861 1328 in
876 1261 1117 1348 culpaarotius

109 1358 247 1423 vincula
270 1357 523 1425 deliberationis
545 1359 660 1444 ligant.
705 1361 814 1428 Citius
830 1361 973 1428 fortasse
990 1358 1113 1425 delicta

109 1458 312 1546 poenitendo
335 1456 533 1542 abluerent,
559 1459 587 1524 si
607 1460 644 1522 in
664 1459 715 1525 his
739 1461 811 1526 sola
831 1459 1121 1547 praecipitatione*

109 1556 319 1622 cecidissent.
365 1557 449 1624 Nam
472 1558 601 1624 tardius
628 1569 802 1647 peecatum
834 1559 993 1641 solvitur,
1023 1557 1113 1646 quod

109 1667 143 1723 et
173 1680 235 1746 per
264 1657 440 1723 consilium
472 1657 643 1724 solidatur.
687 1657 762 1722 Nisi
791 1660 880 1724 enim
907 1680 1000 1724 mens
1023 1659 1114 1723 omni

106 1756 205 1821 modo
230 1766 371 1822 aeterna
394 1755 596 1843 despiceret,
620 1758 657 1824 in
678 1757 779 1844 culpa
799 1779 842 1820 ex
852 1755 979 1844 judicio
996 1755 1024 1841 ²)
1045 1777 1115 1822 non

107 1855 243 1940 periret.
285 1856 359 1922 Hoc
387 1877 468 1940 ergo
489 1858 764 1944 praecipitatione
792 1854 897 1942 lapsis
918 1877 981 1943 per
1002 1855 1121 1921 consi·-

109 1953 193 2018 ltum
221 1964 402 2036 pereuntes
433 1954 593 2023 differunt
612 1958 656 2044 ³),
689 1955 779 2041 quod
807 1977 882 2022 cum
904 1953 943 2018 hi
970 1975 992 2018 a
1019 1963 1110 2021 statu

107 2052 263 2140 justitiae
286 2053 455 2140 peccando
478 2054 674 2137 concidunt,
698 2053 893 2142 plerumque
902 2050 1008 2118 ¹timul
1025 2064 1058 2119 et
1072 2054 1121 2118 iu¹

112 2147 270 2236 laqueum
292 2153 537 2235 desperationis
558 2153 692 2221 cadunt.
733 2153 822 2218 Hinc
844 2161 908 2233 est,
939 2149 1029 2238 quod
1049 2172 1111 2238 per

110 2249 311 2338 prophetam
324 2251 491 2320 Dominus
502 2272 570 2318 non
582 2263 650 2317 tam
660 2251 974 2340 praecipitationum
986 2271 1109 2337 prava,
1137 2319 1141 2328 ,

112 2371 213 2437 quarn
240 2349 434 2418 delictorum
462 2352 575 2420 studia
603 2351 839 2439 reprehendit,
874 2349 1004 2416 dicensi
1050 2349 1124 2414 Ne*

110 2449 223 2516 torte
246 2451 498 2536 egrediatur
525 2462 570 2518 ut
598 2453 712 2536 ignis
741 2449 985 2536 indignatio
1006 2469 1108 2532 mea,

111 2558 153 2615 et
175 2550 476 2634 succendatur,
499 2563 539 2618 et
561 2554 737 2637 nonsit,
761 2551 837 2640 qui
859 2549 1109 2636 extinguat,

109 2659 286 2738 propter
306 2647 521 2718 malitiam
544 2651 784 2720 studiorum
814 2643 1106 2736 vestrorunt)

108 2746 199 2817 Hine
226 2748 347 2817 iterum
379 2751 486 2815 iratus
516 2749 611 2819 dicit:
645 2751 842 2818 Visitabo
871 2771 1001 2834 super
1030 2770 1121 2828 vos:

104 2847 233 2936 juxta
253 2848 434 2917 fructum
456 2848 688 2916 studiorum
710 2859 952 2917 vestrorum.
966 2847 993 2933 ⁵)
1017 2847 1123 2928 Quia,

109 2969 191 3032 ergo
213 2950 362 3035 peccatis
384 2947 461 3014 aliia
483 2947 644 3014 differunt
663 2958 823 3035 peccata,
846 2967 933 3033 quae
951 2967 1012 3032 per
1029 2967 1110 3018 cou-

110 3047 219 3114 silium
242 3055 493 3134 perpetrantur,
514 3069 581 3112 non
602 3055 671 3111 tam
692 3067 796 3132 prave
817 3046 909 3112 fecta
929 3045 1124 3128 Dominus-5=

109 3165 213 3233 quem
241 3145 352 3216 studia
377 3147 557 3234 pravitatis
584 3145 783 3230 insequitur.
833 3145 874 3211 In
895 3145 997 3212 factis
1019 3143 1124 3224 enims

147 3307 167 3388 ι’)
187 3323 251 3376 Alit,
271 3323 385 3394 timoris3
404 3325 471 3394 quod
491 3323 578 3376 minos
596 3323 736 3377 convenire
753 3323 862 3392 vitetur,
880 3337 938 3375 cum
956 3335 1050 3375 sensus
1065 3288 1125 3391 sits*¹

180 3407 303 3476 praevisa
320 3409 390 3462 mala
415 3408 546 3462 minori
574 3409 607 3461 vl
625 3407 741 3477 pulsare.
759 3437 793 3448 -
828 3407 848 3473 ²)
867 3407 933 3462 Alit.
951 3414 984 3460 ei
1001 3399 1121 3462 eonsilii'

171 3492 287 3563 ⁴judicio.
306 3523 340 3534 -
359 3492 379 3559 ⁸)
398 3493 416 3547 i.
433 3508 456 3548 a.
473 3493 507 3548 ab
524 3487 596 3563 illia,
620 3495 665 3564 qul
682 3507 728 3564 par
749 3492 989 3564 praecipitationem
1008 3491 1121 3548 tahon-¹

179 3585 235 3648 tur,
258 3581 278 3635 ii
298 3581 344 3651 qui
362 3596 408 3652 per
425 3581 564 3636 eonsilium
582 3593 630 3636 seu
647 3596 681 3636 ex
707 3579 890 3636 deliberatione
907 3584 1030 3650 pereunt,
1055 3581 1108 3636 hoe

178 3665 312 3737 stromat,
330 3667 398 3738 quot
415 3671 463 3724 se.
484 3695 517 3706 -
534 3665 556 3733 4)
572 3669 627 3725 ar.
645 3666 679 3738 l,
695 3668 723 3723 a
742 3695 775 3708 -·
794 3664 818 3735 ⁸)
835 3665 888 3722 ser.
905 3659 948 3736 aa
966 3659 1012 3727 t*
1043 3696 1048 3706 ·
1080 3674 1082 3683 ·
