2554 4172
570 169 776 234 ...92..

505 367 882 442 capuam..
982 400 984 406 -
1089 327 1093 334 ’

247 505 425 572 Quomodo
452 504 669 558 admonendi
698 506 775 558 sint
798 507 1041 574 impatientes
1067 511 1098 558 et

571 591 772 658 patientes.

231 723 342 790 Aliter
364 723 562 791 admonendi
588 735 666 793 aunt
687 727 917 814 impatientes,
948 735 1050 813 atque
1072 725 1175 797 aliter
1263 734 1267 749 ¹

170 826 346 912 patientes.
378 824 724 912 Dicendumnamque
738 826 1061 913 eatimpatientibue‚
1075 827 1170 912 quia,
1270 831 1271 916 l

164 927 247 993 dum
268 925 440 990 refrenare
463 925 615 1009 spiritum
630 926 819 1010 negligunt,
843 949 902 1012 per
924 923 1031 991 multa
1053 927 1169 1006 etiarn,
1270 917 1271 960 l

171 1045 258 1112 quae
281 1046 347 1088 non
369 1029 544 1110 appetunt,
568 1025 784 1109 iniquitatum
801 1026 947 1110 abrupta
970 1026 1168 1111 rapiuntur3

171 1124 252 1212 quia
273 1120 432 1187 videlieet
443 1131 584 1188 mentem
599 1122 741 1210 impellit
754 1124 859 1206 furor,
883 1133 1040 1210 quornon
1062 1125 1172 1190 trahit

101 1292 114 1320 ο
170 1221 391 1303 desidorium,
426 1233 459 1288 et
485 1224 557 1308 agit
578 1234 738 1289 eommota
760 1223 855 1289 velut
876 1224 1046 1306 nesciens,
1076 1223 1169 1288 unde

169 1333 244 1408 poet
266 1321 374 1387 doleat
388 1323 506 1387 sciens,
550 1320 738 1386 Dicendum
753 1344 885 1408 quoque
899 1322 1166 1409 impatientibus,
1268 1335 1269 1378 3

169 1424 249 1508 quia
271 1421 348 1484 dum
372 1423 525 1486 motionis
547 1421 692 1506 impulsu
704 1422 905 1506 praecipites
921 1422 1085 1507 quaedam
1107 1445 1167 1486 ve·
1268 1421 1269 1480 ἶ

168 1520 218 1585 lut
241 1519 380 1584 alienati
402 1529 584 1606 peragunt,
607 1522 666 1585 vix
688 1519 777 1584 mala
800 1543 873 1602 aua,
893 1531 1071 1607 postquam
1092 1521 1165 1588 fue·
1268 1561 1269 1600 3

166 1621 235 1684 rint
257 1629 461 1706 perpetrata,
484 1627 698 1703 cognoscunt.
743 1618 811 1699 Qui
830 1619 907 1684 dum
918 1617 1167 1706 perturbationi
1268 1613 1269 1620 '

166 1739 249 1782 auae
271 1718 404 1784 minime
426 1719 604 1800 obsistunt,
628 1717 728 1784 etiam
752 1721 860 1802 siqua
882 1741 903 1782 a
926 1741 960 1783 se
984 1719 1166 1804 tranquilla

166 1826 275 1882 mente
297 1817 434 1883 fuerant
456 1817 542 1884 bene
563 1827 678 1902 gesta,
702 1817 911 1885 confundunt
932 1825 964 1882 et
985 1817 1166 1904 improviso

166 1915 314 2003 impulsu
330 1917 516 1999 destruunt,
540 1916 703 2003 quidquid
719 1916 859 1984 forsitan
872 1916 929 1982 diu
950 1914 1066 1982 labore
1087 1937 1163 2002 pro·

164 2014 242 2083 vido
264 2025 533 2082 construxerunt
576 2015 657 2102 Ipsa
679 2025 855 2102 namque,'
877 2035 964 2102 quae
986 2025 1091 2080 mater
1113 2025 1164 2080 eat

161 2118 313 2183 omnium
334 2127 512 2202 custosque
527 2117 697 2198 virtutum,
719 2138 778 2203 per
794 2116 1022 2202 impatientiae
1044 2114 1159 2178 vitium

162 2215 272 2284 virtue
295 2217 457 2282 amittitur
468 2216 628 2306 caritatis.
672 2214 839 2302 Scriptum
854 2215 977 2302 quippe
998 2223 1065 2278 eat:
1085 2209 1156 2276 Oa·

161 2318 278 2382 ritas
311 2317 484 2402 patiens
520 2313 646 2396 est.²)
694 2315 804 2398 Igitur
840 2337 916 2382 eum
943 2313 1073 2378 minine
1107 2318 1161 2374 eet

69 2429 71 2435 '
164 2415 315 2502 patiens,
347 2415 471 2506 paritas
501 2437 569 2480 non
598 2421 657 2480 est.
709 2413 776 2480 Per
804 2411 867 2478 hoo
893 2434 1026 2500 quoque
1055 2410 1161 2496 impa-

162 2514 303 2580 tientiae
334 2513 452 2578 vitium
473 2513 548 2598 ipsa
574 2512 733 2579 virtutum
759 2513 873 2600 nutrix
895 2511 1046 2580 doctrina
1068 2509 1162 2582 diui·

162 2623 273 2704 patur.
318 2610 485 2700 Scriptum
499 2633 644 2698 namque
666 2621 732 2678 est:
753 2611 965 2679 Doctrina
984 2613 1070 2678 viri
1090 2631 1160 2697 per

162 2713 429 2802 patientiam
462 2711 727 2798 noscitur.²)
771 2712 881 2784 Tanto
910 2735 990 2798 ergo
1019 2711 1160 2799 quiaque
1270 2763 1271 2798 p

161 2817 272 2880 minua
293 2813 482 2880 ostenditur
504 2811 639 2894 doetus,
670 2813 929 2899 quantominus
957 2810 1163 2878 conuincitur
1270 2801 1271 2854 l

161 2915 304 3001 patiens.
348 2913 467 2999 Neque
491 2913 579 2978 enim
600 2920 711 2999 potest
724 2911 889 2978 ueraeiter
903 2909 992 2978 bona
1014 2907 1162 2978 docendo

162 3011 374 3098 impendere,
405 3013 434 3078 si
462 3012 605 3080 vivendo
634 3012 742 3078 nescit
776 3011 1019 3098 aequanimiter
1050 3007 1161 3074 aliena

164 3109 255 3176 mala
276 3112 429 3178 tolerare.
851 3173 852 3177 ,
1068 3174 1072 3189 ,

225 3211 292 3278 Per
313 3210 376 3278 hoc
398 3233 531 3299 qnoque
560 3211 788 3297 impatientiae
819 3211 936 3276 vitium
963 3208 1161 3297 plerumque

161 3320 306 3381 mentem
329 3312 542 3395 arrogantiae
565 3308 666 3397 eulpa
687 3307 873 3393 transfigit,
906 3310 987 3394 quia
1008 3306 1087 3372 dum
1107 3303 1162 3368 de-

162 3411 247 3496 apioi
270 3412 305 3476 in
326 3411 448 3479 mundo
470 3409 534 3476 hoe
563 3408 707 3496 quiaque
728 3429 796 3474 non
817 3409 964 3495 patitur,
996 3405 1104 3486 bena,
1135 3404 1165 3468 ai

199 3627 222 3695 ¹)
242 3627 265 3680 1.
284 3629 343 3682 cor.
362 3629 403 3695 13,
421 3628 447 3683 r.
466 3658 497 3667 -
518 3627 538 3693 ι)
557 3627 633 3680 mov.
653 3626 693 3694 19,
713 3627 754 3681 11.
