2554 4172
531 165 735 230 ..πμ

172 324 310 398 rAliter
329 325 432 413 hujus
454 326 569 394 mundi
590 331 772 414 sapientes,
795 329 891 396 aliter
911 329 1061 400 hebetes.

123 421 124 425 ’
177 424 306 500 ,Aliter
327 425 555 514 impudentes,
579 426 677 495 aliter
699 429 894 497 verecundi.

180 524 305 594 {Aliter
325 527 494 613 protervi,
519 526 615 594 aliter
636 527 880 614 pusillanimes.

196 623 303 692 Aliter
324 626 552 714 impatientes,
576 626 676 692 aliter
698 628 876 714 patientes.

194 723 307 792 Aliter
327 724 497 809 benevoli,
521 724 617 792 aliter
640 726 759 798 invidi.

197 825 307 892 Aliter
328 825 512 911 simplices,
535 825 630 892 aliter
650 827 782 914 impuri.

196 925 309 992 Aliter
328 925 528 1008 incolumes,
552 925 648 994 aliter
669 928 772 1014 aegri.

180 1025 307 1092 “Aliter
330 1026 388 1112 qui
415 1023 553 1109 flagella
574 1034 747 1108 metuunt,
779 1037 812 1092 et
832 1036 1010 1116 propteroa
1032 1029 1131 1096 inno·
1167 1089 1172 1096 .

135 1135 247 1192 center
268 1125 400 1206 vivunt,
422 1124 520 1189 aliter
542 1125 601 1210 qui
617 1126 666 1190 sic
686 1126 722 1190 in
735 1126 913 1214 iniquitate
930 1127 1129 1209 duruerunt,

134 1235 172 1292 ut
193 1245 302 1311 neque
325 1245 385 1311 per
406 1222 544 1308 flagella
568 1223 790 1308 corrigantur.

196 1323 307 1391 Aliter
335 1323 434 1388 nimis
455 1323 566 1404 taciti,
595 1323 694 1389 aliter
720 1323 928 1411 multiloquio
959 1334 1129 1392 vacantes.

163 1472 176 1506 Ι.
195 1422 304 1489 Aliter
326 1423 431 1510 pigri,
455 1422 556 1488 aliter
577 1422 788 1509 praecipites.

195 1521 302 1587 Aliter
326 1525 509 1603 mansueti,
534 1519 632 1588 aliter
653 1519 816 1587 iracundi.

168 1621 305 1688 sAliter
326 1619 487 1702 humiles,
512 1619 610 1686 aliter
631 1618 721 1684 elati.

188 1719 306 1790 Aliter
328 1721 534 1806 pertinaces,
556 1717 656 1786 aliter
679 1719 915 1786 inconstantes.

172 1819 306 1886 “Aliter
328 1818 427 1906 gulae
449 1817 568 1902 dediti,
591 1818 690 1886 aliter
711 1816 930 1886 abstinentes.

187 1919 306 1986 Aliter
327 1920 387 2006 qui
409 1942 470 1985 sua
487 1915 744 1986 misericorditer
760 1917 930 2000 tribuunt,
955 1918 1054 1984 aliter
1071 1920 1131 2006 qui
1169 1909 1174 1920 ’

135 2018 248 2086 aliena
268 2039 387 2106 rapere
409 2017 621 2084 contendunt.

169 2117 306 2198 „Aliter
335 2120 394 2204 qui
420 2138 485 2184 nec
512 2116 624 2183 aliena
654 2119 791 2205 rapiunt
814 2119 855 2204 ¹),
888 2140 952 2184 nec
981 2140 1042 2184 sua
1061 2118 1126 2183 lar·

135 2221 288 2304 giuntur3
317 2215 414 2283 aliter
443 2217 502 2303 qui
524 2226 557 2281 et
578 2235 639 2299 ea,
673 2236 761 2304 quae
782 2213 924 2300 habent,
965 2216 1134 2298 tribuunt,

138 2328 304 2384 ettamen
326 2316 438 2383 aliena
461 2335 582 2402 rapere
604 2335 671 2380 non
692 2314 866 2381 desistunt.

180 2417 306 2482 vAliter
328 2412 512 2495 discordes,
536 2413 635 2478 aliter
656 2415 780 2500 pacati.

193 2513 308 2580 <Aliter
332 2514 533 2580 seminantes
550 2513 685 2599 jurgia,
709 2511 805 2579 aliter
826 2515 967 2602 pacifici.

199 2612 304 2680 Aliter
337 2613 395 2702 qui
426 2632 543 2678 sacrae
579 2611 664 2698 legis
701 2613 808 2679 verba
840 2637 905 2681 non
939 2615 1134 2701 intelligunt

137 2724 245 2796 recte;
268 2711 366 2778 aliter
388 2714 447 2800 qui
468 2719 561 2777 recte
583 2713 717 2801 quidem
740 2711 951 2800 intelligunt,
975 2712 1035 2792 sed
1049 2713 1133 2780 haec

137 2813 309 2882 humiliter
329 2834 397 2880 non
418 2811 608 2898 loquuntur.

168 2941 173 2946 2
199 2914 310 2981 Aliter
332 2914 410 3001 qui,
433 2933 507 2977 cum
528 2911 629 2998 digne
649 2911 846 3000 praedicare
869 2910 1025 2997 valeant,
1048 2933 1133 3000 prae

138 3013 240 3081 nimia
260 3011 452 3079 humilitate
472 3011 671 3097 formidant3
692 3012 791 3078 aliter
816 3032 898 3101 quos
919 3011 1132 3100 apraedica-

137 3113 228 3181 tione
249 3111 453 3198 imperfectio
474 3109 530 3178 vel
551 3121 645 3178 aetas
663 3108 832 3197 prohibet,
856 3120 890 3177 et
905 3120 1018 3178 tamen
1032 3131 1133 3198 prae·

138 3213 290 3302 cipitatio
311 3211 458 3300 impellit
1150 3257 1154 3265 -

199 3311 308 3380 Aliter
335 3312 393 3399 qui
421 3312 458 3380 in
484 3310 561 3392 hoc,
595 3311 683 3400 quod
712 3307 937 3398 temporaliter
957 3316 1134 3400 appetunt,

138 3421 394 3500 prosperantem
427 3409 526 3478 aliter
556 3411 615 3498 qui
644 3432 685 3478 ea
714 3407 866 3496 quidem,
900 3432 987 3498 quae
1017 3408 1138 3478 muudi.

174 3623 194 3686 ¹)
211 3622 276 3680 Alit.
296 3626 428 3691 appetunt.
