2554 4172
528 115 734 184 ..37-

129 306 197 374 qne
219 282 418 352 admonendi
447 292 541 364 sunt,
571 291 609 348 ut
630 289 793 370 appetant
812 282 911 366 seire,
942 303 1028 369 quae
1049 303 1124 348 nes-

129 383 235 448 eiunt.
278 381 321 446 In
340 380 408 450 illis
429 381 491 447 hoe
512 384 655 470 primum
677 380 916 446 destruendum
939 389 1006 464 est,
1037 380 1126 468 quod

131 505 168 548 se
185 481 361 568 sapientes
383 479 603 564 arbitrantur3
630 482 761 547 inistis
787 481 860 567 jam
882 479 1125 546 aedificandum

128 590 195 663 est,
219 579 379 667 quidquid
390 581 430 645 de
443 603 590 666 superna
603 581 771 668 sapientia
785 582 1012 664 cognoscitur3
1034 580 1124 667 quia,
1186 651 1188 662 Α
1212 605 1215 612 ’

131 679 208 745 dum
230 681 363 764 minime
387 679 598 768 superbiunt,
621 680 719 766 quasi
740 678 784 746 ad
803 681 1047 768 suscipiendum
1068 701 1124 744 ae·

130 779 273 846 difieium
303 778 405 847 eorda
432 789 651 867 paraverunt.
702 776 784 844 Cum
807 779 876 845 illis
902 778 1125 846 laborandum

130 888 199 962 est,
229 887 267 944 ut
297 880 484 967 sapientius
513 877 607 944 stulti
635 877 736 960 fiant,
767 877 903 944 stultam
926 880 1125 962 sapientiam

130 979 303 1061 deserant,
327 989 360 1043 et
382 980 570 1065 sapientem
590 977 657 1044 Dei
679 976 854 1044 stultitiam
878 977 1027 1060 discant3
1051 979 1123 1044 istis

129 1099 209 1144 vero
231 1076 493 1164 praedicandum
505 1087 556 1142 est
563 1125 573 1158 ‚
597 1086 634 1142 ut
652 1077 696 1144 ab
718 1098 758 1142 ea
781 1099 868 1164 quae
880 1087 1018 1165 putatur
1041 1075 1123 1143 stul·

127 1178 216 1259 titia,
239 1177 283 1242 ad
304 1197 416 1242 veram
439 1178 638 1263 sapientiam
658 1178 801 1244 vicinius
822 1187 1005 1244 transeant.
1047 1175 1123 1242 Illis

129 1297 275 1362 namque
298 1274 434 1344 dieitur:
464 1275 506 1342 Si
528 1279 620 1364 quis
643 1277 814 1344 videtur
835 1279 950 1344 inter
971 1300 1042 1344 vos
1064 1297 1124 1345 sa·

129 1375 252 1462 piens
281 1397 379 1440 esse
408 1377 451 1442 in
472 1373 547 1442 hoo
575 1374 730 1460 seculo,
761 1376 925 1442 stultus
953 1376 1053 1458 fiat,
1075 1387 1124 1443 ut

128 1477 187 1540 ait
208 1475 388 1562 sapiens:
404 1473 430 1561 ¹)
452 1478 526 1543 istis
547 1498 626 1542 vero
649 1473 784 1542 dieitur:
813 1473 897 1541 Non
921 1474 1042 1541 multi
1063 1498 1124 1544 sa-

127 1575 299 1660 pientes
333 1576 580 1642 seeundum
617 1573 839 1661 earnem.²)
890 1577 935 1643 Et
973 1598 1123 1642 rursum:

95 1723 98 1732 .
129 1672 256 1754 Quae
281 1673 422 1741 stulta
444 1685 543 1742 sunt
571 1675 729 1758 mundi,
760 1675 896 1761 elegit
918 1674 1050 1756 Deus,
1079 1684 1123 1742 ut

129 1771 371 1839 confundat
392 1775 623 1864 sapientes.
642 1774 668 1862 3)
712 1773 791 1841 Illos
804 1774 1001 1863 plerumque
1022 1763 1122 1840 ratio·

129 1870 307 1938 cinationis
329 1884 537 1957 argumenta,
563 1875 642 1939 istos
664 1896 905 1961 nonnunquam
925 1874 1043 1941 melius
1066 1895 1123 1940 ex·

130 1969 241 2055 empla
262 1971 471 2038 convertunt.
515 1971 590 2037 lllis
605 1973 760 2038 nimirum
774 1972 919 2059 prodest,
942 1981 981 2038 ut
995 1975 1030 2040 in
1053 1975 1126 2041 suis

129 2065 389 2154 allegationibus
424 2073 510 2164 vioti¹
531 2073 683 2158 jaceant3
721 2073 793 2136 istis
827 2094 908 2137 vero
937 2071 1122 2159 aliquando

130 2165 264 2250 suffieit,
287 2179 326 2234 ut
337 2168 516 2236 laudabilis
531 2171 672 2238 aliorum
682 2170 772 2236 faeta
783 2182 998 2256 cognoscant.
1021 2169 1121 2238 Unde

58 2269 64 2282 '
128 2275 162 2331 et
190 2268 350 2354 magister
379 2271 553 2356 egregius,
583 2270 795 2358 sapientibus
824 2280 857 2336 et
885 2269 1121 2358 insipientibus

128 2363 269 2450 debitor,
291 2391 367 2434 oum
387 2369 621 2436 Hebraeorum
636 2370 796 2457 quosdam
819 2370 1001 2458 sapientes,
1024 2391 1121 2456 quos·

127 2463 203 2530 dam
226 2490 306 2534 vero
329 2470 429 2535 etiam
457 2468 621 2536 tardiores
643 2467 853 2550 admoneret,
881 2467 948 2535 illis
968 2468 1009 2534 de
1033 2490 1120 2535 eom·

125 2564 270 2652 pletione
294 2569 499 2636 Testamenti
521 2572 646 2635 veteris
668 2569 829 2656 loquens,
853 2590 965 2636 eorum
987 2569 1120 2654 sapien·

127 2664 206 2732 tiam
240 2678 438 2754 argumento
468 2671 656 2755 superavit,
694 2667 825 2735 disens:
865 2667 984 2750 Quod
1012 2669 1119 2736 enim

126 2767 396 2854 antiquatur
423 2777 466 2833 et
494 2770 709 2849 senescit,
738 2790 871 2857 prope
900 2765 1120 2834 interitum

127 2921 415 2934 ..ῃ-,ι-

196 2993 251 3046 illis
268 2996 317 3048 hoe
334 2996 444 3064 primurn
473 2995 652 3050 destruendum
669 2998 724 3059 est,
750 2995 818 3060 quod
841 3010 869 3046 se
894 2995 1025 3062 sapientes
1042 2996 1116 3049 arbi·

196 3082 318 3130 tranium
353 3081 444 3134 Cicero
457 3081 572 3135 asaiam.
590 3083 676 3148 quast.
695 3077 740 3134 tib.
751 3079 774 3132 1.
792 3095 849 3148 cap.
861 3081 908 3134 IV.
924 3095 952 3134 u.
972 3079 1013 3137 16.
1030 3079 1116 3150 refert¹

195 3167 261 3216 toste
278 3161 382 3218 Socrate
400 3167 530 3218 nomnium
543 3161 765 3233 sapientissimum
775 3178 833 3216 esse
850 3163 954 3232 dietum,
972 3167 1040 3234 quod
1052 3169 1118 3222 haee

195 3253 265 3302 esset
289 3264 342 3302 uua
366 3251 451 3304 omnis
476 3251 618 3320 sapientia,
645 3265 698 3302 uon
723 3249 845 3304 arbitrari
863 3264 927 3305 sese
943 3253 1025 3319 seire,
1048 3255 1118 3322 quot

194 3335 318 3389 neseiat«
354 3335 480 3405 Loquitur
496 3344 581 3392 autem
606 3336 651 3388 hie
667 3334 695 3390 S.
714 3335 858 3405 Gregorius
881 3337 912 3390 de
930 3339 1018 3390 munti
1035 3337 1118 3408 hujus

195 3421 339 3490 sapientia,
357 3435 437 3490 quae,
455 3427 485 3474 ut
507 3424 544 3475 ait
561 3423 654 3489 apost.
679 3421 703 3480 1.
721 3423 781 3479 cor.
799 3427 829 3490 3,
849 3423 899 3479 19.
925 3423 1053 3478 »stultitia
1078 3431 1117 3480 est

127 3529 129 3534 ·
195 3507 265 3576 aput
282 3509 390 3561 Deum«

54 3599 56 3606 '
151 3592 171 3661 ·)
190 3591 213 3646 1.
232 3592 394 3662 Gor.3‚18.
414 3622 444 3632 —
465 3592 489 3660 ²)
508 3593 529 3646 1.
549 3593 608 3648 Gor.
627 3595 650 3663 1,
668 3598 709 3651 22.
735 3625 764 3634 -
786 3595 805 3661 ²)
824 3597 848 3652 1.
867 3597 927 3655 Gor.
946 3597 968 3663 t,
987 3597 1029 3648 at.
