<?xml version="1.0" encoding="UTF-8"?>
<!DOCTYPE html PUBLIC "-//W3C//DTD XHTML 1.0 Transitional//EN"
    "http://www.w3.org/TR/xhtml1/DTD/xhtml1-transitional.dtd">
<html xmlns="http://www.w3.org/1999/xhtml" xml:lang="en" lang="en">
 <head>
  <title>
</title>
<meta http-equiv="Content-Type" content="text/html;charset=utf-8" />
  <meta name='ocr-system' content='tesseract 3.04.00' />
  <meta name='ocr-capabilities' content='ocr_page ocr_carea ocr_par ocr_line ocrx_word'/>
</head>
<body>
  <div class='ocr_page' id='page_1' title='image "./sgregoriipapaei00westgoog_0162.png"; bbox 0 0 2554 4172; ppageno 0'>
   <div class='ocr_carea' id='block_1_1' title="bbox 437 165 727 229">
    <p class='ocr_par' dir='ltr' id='par_1_1' title="bbox 437 127 727 248">
     <span class='ocr_line' id='line_1_1' title="bbox 437 165 727 229; baseline 0.007 -2"><span class='ocrx_word' id='word_1_1' title='bbox 437 172 444 200; x_wconf 70' lang='lat'>=</span> <span class='ocrx_word' id='word_1_2' title='bbox 503 165 644 229; x_wconf 30' lang='lat'><strong>„⁴141</strong></span> <span class='ocrx_word' id='word_1_3' title='bbox 690 201 727 213; x_wconf 85' lang='lat'><em>-</em></span> 
     </span>
    </p>
   </div>
   <div class='ocr_carea' id='block_1_2' title="bbox 117 328 1121 616">
    <p class='ocr_par' dir='ltr' id='par_1_2' title="bbox 117 328 1121 616">
     <span class='ocr_line' id='line_1_2' title="bbox 117 328 1116 417; baseline -0.007 -17"><span class='ocrx_word' id='word_1_4' title='bbox 117 335 314 401; x_wconf 82' lang='lat' dir='ltr'><strong>redimenda</strong></span> <span class='ocrx_word' id='word_1_5' title='bbox 345 335 565 400; x_wconf 78' lang='lat' dir='ltr'><strong>committant:</strong></span> <span class='ocrx_word' id='word_1_6' title='bbox 593 347 637 396; x_wconf 78' lang='lat' dir='ltr'><strong>ce</strong></span> <span class='ocrx_word' id='word_1_7' title='bbox 672 328 825 394; x_wconf 86' lang='lat' dir='ltr'><strong>venalem</strong></span> <span class='ocrx_word' id='word_1_8' title='bbox 854 330 922 396; x_wconf 86' lang='lat' dir='ltr'><strong>Dei</strong></span> <span class='ocrx_word' id='word_1_9' title='bbox 948 331 1116 417; x_wconf 71' lang='lat' dir='ltr'><strong>justitium</strong></span> 
     </span>
     <span class='ocr_line' id='line_1_3' title="bbox 118 431 1117 517; baseline -0.007 -17"><span class='ocrx_word' id='word_1_10' title='bbox 118 433 312 514; x_wconf 76' lang='lat' dir='ltr'><strong>aestiment,</strong></span> <span class='ocrx_word' id='word_1_11' title='bbox 344 433 372 496; x_wconf 89' lang='lat' dir='ltr'><strong>si</strong></span> <span class='ocrx_word' id='word_1_12' title='bbox 393 452 466 496; x_wconf 88' lang='lat' dir='ltr'><strong>cum</strong></span> <span class='ocrx_word' id='word_1_13' title='bbox 489 438 610 496; x_wconf 85' lang='lat' dir='ltr'><strong>curant</strong></span> <span class='ocrx_word' id='word_1_14' title='bbox 630 451 690 517; x_wconf 88' lang='lat' dir='ltr'><strong>pro</strong></span> <span class='ocrx_word' id='word_1_15' title='bbox 719 433 867 516; x_wconf 85' lang='lat' dir='ltr'><strong>peccatis</strong></span> <span class='ocrx_word' id='word_1_16' title='bbox 887 433 1037 498; x_wconf 85' lang='lat' dir='ltr'><strong>nummos</strong></span> <span class='ocrx_word' id='word_1_17' title='bbox 1056 431 1117 494; x_wconf 84' lang='lat' dir='ltr'><strong>tri·</strong></span> 
     </span>
     <span class='ocr_line' id='line_1_4' title="bbox 118 526 1121 616; baseline -0.005 -18"><span class='ocrx_word' id='word_1_18' title='bbox 118 535 247 612; x_wconf 89' lang='lat' dir='ltr'><strong>buere,</strong></span> <span class='ocrx_word' id='word_1_19' title='bbox 276 528 484 597; x_wconf 77' lang='lat' dir='ltr'><strong>arbitrentur</strong></span> <span class='ocrx_word' id='word_1_20' title='bbox 515 552 550 594; x_wconf 92' lang='lat' dir='ltr'><strong>se</strong></span> <span class='ocrx_word' id='word_1_21' title='bbox 579 551 676 616; x_wconf 90' lang='lat' dir='ltr'><strong>posse</strong></span> <span class='ocrx_word' id='word_1_22' title='bbox 704 526 807 593; x_wconf 87' lang='lat' dir='ltr'><strong>inulte</strong></span> <span class='ocrx_word' id='word_1_23' title='bbox 828 550 980 615; x_wconf 88' lang='lat' dir='ltr'><strong>peccare.</strong></span> <span class='ocrx_word' id='word_1_24' title='bbox 1018 527 1121 596; x_wconf 81' lang='lat' dir='ltr'><strong>Plus</strong></span> 
     </span>
    </p>
   </div>
   <div class='ocr_carea' id='block_1_3' title="bbox 11 623 1122 718">
    <p class='ocr_par' dir='ltr' id='par_1_3' title="bbox 11 623 1122 718">
     <span class='ocr_line' id='line_1_5' title="bbox 11 623 1122 718; baseline -0.004 -21"><span class='ocrx_word' id='word_1_25' title='bbox 11 623 13 630; x_wconf 43' lang='lat'><strong>¹</strong></span> <span class='ocrx_word' id='word_1_26' title='bbox 119 643 188 696; x_wconf 90' lang='lat' dir='ltr'><strong>est</strong></span> <span class='ocrx_word' id='word_1_27' title='bbox 219 652 362 718; x_wconf 86' lang='lat' dir='ltr'><strong>namque</strong></span> <span class='ocrx_word' id='word_1_28' title='bbox 395 629 541 695; x_wconf 80' lang='lat' dir='ltr'><strong>anima</strong></span> <span class='ocrx_word' id='word_1_29' title='bbox 570 649 694 714; x_wconf 86' lang='lat' dir='ltr'><strong>quam</strong></span> <span class='ocrx_word' id='word_1_30' title='bbox 724 649 853 710; x_wconf 81' lang='lat' dir='ltr'><strong>esca,</strong></span> <span class='ocrx_word' id='word_1_31' title='bbox 891 639 933 718; x_wconf 71' lang='lat' dir='ltr'><strong>ep</strong></span> <span class='ocrx_word' id='word_1_32' title='bbox 963 646 1122 712; x_wconf 81' lang='lat' dir='ltr'><strong>corpus</strong></span> 
     </span>
    </p>
   </div>
   <div class='ocr_carea' id='block_1_4' title="bbox 117 724 1158 2698">
    <p class='ocr_par' dir='ltr' id='par_1_4' title="bbox 117 724 1158 1192">
     <span class='ocr_line' id='line_1_6' title="bbox 121 724 1118 814; baseline -0.004 -19"><span class='ocrx_word' id='word_1_33' title='bbox 121 751 242 814; x_wconf 86' lang='lat' dir='ltr'><strong>quam</strong></span> <span class='ocrx_word' id='word_1_34' title='bbox 264 729 570 795; x_wconf 86' lang='lat' dir='ltr'><strong>vestimentum.</strong></span> <span class='ocrx_word' id='word_1_35' title='bbox 586 724 612 811; x_wconf 84' lang='lat'><strong>¹)</strong></span> <span class='ocrx_word' id='word_1_36' title='bbox 655 725 724 806; x_wconf 81' lang='lat' dir='ltr'><strong>Qui</strong></span> <span class='ocrx_word' id='word_1_37' title='bbox 746 750 825 814; x_wconf 84' lang='lat' dir='ltr'><strong>ergo</strong></span> <span class='ocrx_word' id='word_1_38' title='bbox 850 747 958 792; x_wconf 72' lang='lat' dir='ltr'><strong>esuum</strong></span> <span class='ocrx_word' id='word_1_39' title='bbox 980 737 1039 793; x_wconf 84' lang='lat' dir='ltr'><strong>aut</strong></span> <span class='ocrx_word' id='word_1_40' title='bbox 1059 747 1118 792; x_wconf 85' lang='lat' dir='ltr'><strong>ve·</strong></span> 
     </span>
     <span class='ocr_line' id='line_1_7' title="bbox 122 825 1119 913; baseline -0.004 -19"><span class='ocrx_word' id='word_1_41' title='bbox 122 829 312 894; x_wconf 88' lang='lat' dir='ltr'><strong>stimentum</strong></span> <span class='ocrx_word' id='word_1_42' title='bbox 344 827 551 913; x_wconf 78' lang='lat' dir='ltr'><strong>pauperibus</strong></span> <span class='ocrx_word' id='word_1_43' title='bbox 571 825 731 910; x_wconf 87' lang='lat' dir='ltr'><strong>largitur,</strong></span> <span class='ocrx_word' id='word_1_44' title='bbox 768 827 825 892; x_wconf 83' lang='lat' dir='ltr'><strong>sed</strong></span> <span class='ocrx_word' id='word_1_45' title='bbox 853 839 964 892; x_wconf 81' lang='lat' dir='ltr'><strong>tamen</strong></span> <span class='ocrx_word' id='word_1_46' title='bbox 986 827 1119 892; x_wconf 78' lang='lat' dir='ltr'><strong>animae</strong></span> 
     </span>
     <span class='ocr_line' id='line_1_8' title="bbox 120 924 1158 1016; baseline -0.007 -21"><span class='ocrx_word' id='word_1_47' title='bbox 120 928 179 995; x_wconf 82' lang='lat' dir='ltr'><strong>vel</strong></span> <span class='ocrx_word' id='word_1_48' title='bbox 207 929 354 1016; x_wconf 87' lang='lat' dir='ltr'><strong>corporis</strong></span> <span class='ocrx_word' id='word_1_49' title='bbox 381 927 560 1012; x_wconf 81' lang='lat' dir='ltr'><strong>iniquitate</strong></span> <span class='ocrx_word' id='word_1_50' title='bbox 588 924 770 1011; x_wconf 84' lang='lat' dir='ltr'><strong>polluitur,</strong></span> <span class='ocrx_word' id='word_1_51' title='bbox 806 924 897 1013; x_wconf 92' lang='lat' dir='ltr'><strong>quod</strong></span> <span class='ocrx_word' id='word_1_52' title='bbox 929 926 1040 992; x_wconf 89' lang='lat' dir='ltr'><strong>minus</strong></span> <span class='ocrx_word' id='word_1_53' title='bbox 1067 933 1124 988; x_wconf 82' lang='lat' dir='ltr'><strong>est.</strong></span> <span class='ocrx_word' id='word_1_54' title='bbox 1155 969 1158 974; x_wconf 84' lang='lat'>·</span> 
     </span>
     <span class='ocr_line' id='line_1_9' title="bbox 117 1023 1123 1116; baseline -0.006 -22"><span class='ocrx_word' id='word_1_55' title='bbox 117 1023 272 1116; x_wconf 82' lang='lat' dir='ltr'><strong>justitiae</strong></span> <span class='ocrx_word' id='word_1_56' title='bbox 301 1024 442 1108; x_wconf 89' lang='lat' dir='ltr'><strong>obtulit,</strong></span> <span class='ocrx_word' id='word_1_57' title='bbox 475 1034 509 1089; x_wconf 89' lang='lat' dir='ltr'><strong>et</strong></span> <span class='ocrx_word' id='word_1_58' title='bbox 537 1024 625 1112; x_wconf 90' lang='lat' dir='ltr'><strong>quod</strong></span> <span class='ocrx_word' id='word_1_59' title='bbox 653 1026 765 1112; x_wconf 86' lang='lat' dir='ltr'><strong>majus</strong></span> <span class='ocrx_word' id='word_1_60' title='bbox 793 1035 860 1106; x_wconf 87' lang='lat' dir='ltr'><strong>est,</strong></span> <span class='ocrx_word' id='word_1_61' title='bbox 889 1023 1026 1113; x_wconf 75' lang='lat' dir='ltr'><strong>culpae:</strong></span> <span class='ocrx_word' id='word_1_62' title='bbox 1057 1045 1123 1088; x_wconf 73' lang='lat' dir='ltr'><strong>sue</strong></span> 
     </span>
     <span class='ocr_line' id='line_1_10' title="bbox 122 1121 695 1192; baseline -0.005 -1"><span class='ocrx_word' id='word_1_63' title='bbox 122 1128 212 1192; x_wconf 87' lang='lat' dir='ltr'><strong>enim</strong></span> <span class='ocrx_word' id='word_1_64' title='bbox 233 1125 308 1190; x_wconf 87' lang='lat' dir='ltr'><strong>Deo</strong></span> <span class='ocrx_word' id='word_1_65' title='bbox 330 1125 420 1190; x_wconf 83' lang='lat' dir='ltr'><strong>dedit</strong></span> <span class='ocrx_word' id='word_1_66' title='bbox 441 1134 474 1189; x_wconf 89' lang='lat' dir='ltr'><strong>et</strong></span> <span class='ocrx_word' id='word_1_67' title='bbox 495 1147 531 1190; x_wconf 87' lang='lat' dir='ltr'><strong>se</strong></span> <span class='ocrx_word' id='word_1_68' title='bbox 555 1121 695 1190; x_wconf 86' lang='lat' dir='ltr'><strong>diabolo.</strong></span> 
     </span>
    </p>

    <p class='ocr_par' dir='ltr' id='par_1_5' title="bbox 121 1222 1125 2698">
     <span class='ocr_line' id='line_1_11' title="bbox 184 1222 1123 1312; baseline -0.004 -22"><span class='ocrx_word' id='word_1_69' title='bbox 184 1226 231 1290; x_wconf 90' lang='lat' dir='ltr'><strong>At</strong></span> <span class='ocrx_word' id='word_1_70' title='bbox 251 1236 366 1291; x_wconf 84' lang='lat' dir='ltr'><strong>contra</strong></span> <span class='ocrx_word' id='word_1_71' title='bbox 388 1223 587 1290; x_wconf 82' lang='lat' dir='ltr'><strong>admonendi</strong></span> <span class='ocrx_word' id='word_1_72' title='bbox 612 1233 705 1306; x_wconf 89' lang='lat' dir='ltr'><strong>sunt,</strong></span> <span class='ocrx_word' id='word_1_73' title='bbox 736 1227 793 1312; x_wconf 90' lang='lat' dir='ltr'><strong>qui</strong></span> <span class='ocrx_word' id='word_1_74' title='bbox 814 1223 925 1292; x_wconf 89' lang='lat' dir='ltr'><strong>adhuc</strong></span> <span class='ocrx_word' id='word_1_75' title='bbox 954 1235 988 1289; x_wconf 87' lang='lat' dir='ltr'><strong>et</strong></span> <span class='ocrx_word' id='word_1_76' title='bbox 1008 1222 1123 1289; x_wconf 81' lang='lat' dir='ltr'><strong>aliena</strong></span> 
     </span>
     <span class='ocr_line' id='line_1_12' title="bbox 121 1322 1121 1412; baseline -0.001 -23"><span class='ocrx_word' id='word_1_77' title='bbox 121 1345 242 1412; x_wconf 86' lang='lat' dir='ltr'><strong>rapere</strong></span> <span class='ocrx_word' id='word_1_78' title='bbox 254 1323 470 1404; x_wconf 87' lang='lat' dir='ltr'><strong>contendunt,</strong></span> <span class='ocrx_word' id='word_1_79' title='bbox 495 1334 532 1388; x_wconf 93' lang='lat' dir='ltr'><strong>ut</strong></span> <span class='ocrx_word' id='word_1_80' title='bbox 547 1322 688 1390; x_wconf 79' lang='lat' dir='ltr'><strong>sollicite</strong></span> <span class='ocrx_word' id='word_1_81' title='bbox 700 1324 850 1406; x_wconf 85' lang='lat' dir='ltr'><strong>audiant,</strong></span> <span class='ocrx_word' id='word_1_82' title='bbox 875 1323 956 1411; x_wconf 90' lang='lat' dir='ltr'><strong>quid</strong></span> <span class='ocrx_word' id='word_1_83' title='bbox 978 1323 1121 1388; x_wconf 79' lang='lat' dir='ltr'><strong>veniens</strong></span> 
     </span>
     <span class='ocr_line' id='line_1_13' title="bbox 122 1421 1122 1509; baseline -0.003 -22"><span class='ocrx_word' id='word_1_84' title='bbox 122 1423 156 1488; x_wconf 90' lang='lat' dir='ltr'><strong>in</strong></span> <span class='ocrx_word' id='word_1_85' title='bbox 176 1423 337 1508; x_wconf 88' lang='lat' dir='ltr'><strong>judicium</strong></span> <span class='ocrx_word' id='word_1_86' title='bbox 352 1421 515 1488; x_wconf 88' lang='lat' dir='ltr'><strong>Dominus</strong></span> <span class='ocrx_word' id='word_1_87' title='bbox 527 1422 625 1488; x_wconf 84' lang='lat' dir='ltr'><strong>dieat.</strong></span> <span class='ocrx_word' id='word_1_88' title='bbox 669 1424 728 1491; x_wconf 85' lang='lat' dir='ltr'><strong>Ait</strong></span> <span class='ocrx_word' id='word_1_89' title='bbox 744 1445 906 1509; x_wconf 87' lang='lat' dir='ltr'><strong>namque:</strong></span> <span class='ocrx_word' id='word_1_90' title='bbox 925 1423 980 1488; x_wconf 88' lang='lat' dir='ltr'><strong>Es</strong></span> <span class='ocrx_word' id='word_1_91' title='bbox 991 1421 1122 1504; x_wconf 84' lang='lat' dir='ltr'><strong>urivi,</strong></span> 
     </span>
     <span class='ocr_line' id='line_1_14' title="bbox 123 1520 1121 1603; baseline -0.002 -17"><span class='ocrx_word' id='word_1_92' title='bbox 123 1535 162 1590; x_wconf 88' lang='lat' dir='ltr'><strong>et</strong></span> <span class='ocrx_word' id='word_1_93' title='bbox 183 1545 261 1588; x_wconf 88' lang='lat' dir='ltr'><strong>non</strong></span> <span class='ocrx_word' id='word_1_94' title='bbox 284 1522 464 1588; x_wconf 84' lang='lat' dir='ltr'><strong>dedistis</strong></span> <span class='ocrx_word' id='word_1_95' title='bbox 493 1522 590 1587; x_wconf 90' lang='lat' dir='ltr'><strong>mihi</strong></span> <span class='ocrx_word' id='word_1_96' title='bbox 611 1521 880 1603; x_wconf 85' lang='lat' dir='ltr'><strong>manducarc;</strong></span> <span class='ocrx_word' id='word_1_97' title='bbox 913 1520 1052 1603; x_wconf 90' lang='lat' dir='ltr'><strong>sitivi,</strong></span> <span class='ocrx_word' id='word_1_98' title='bbox 1074 1527 1121 1589; x_wconf 77' lang='lat' dir='ltr'><strong>et</strong></span> 
     </span>
     <span class='ocr_line' id='line_1_15' title="bbox 121 1618 1122 1706; baseline -0.003 -19"><span class='ocrx_word' id='word_1_99' title='bbox 121 1644 200 1689; x_wconf 87' lang='lat' dir='ltr'><strong>non</strong></span> <span class='ocrx_word' id='word_1_100' title='bbox 222 1621 401 1687; x_wconf 86' lang='lat' dir='ltr'><strong>dedistis</strong></span> <span class='ocrx_word' id='word_1_101' title='bbox 423 1621 523 1686; x_wconf 75' lang='lat' dir='ltr'><strong>milri</strong></span> <span class='ocrx_word' id='word_1_102' title='bbox 544 1619 706 1703; x_wconf 85' lang='lat' dir='ltr'><strong>biberc;</strong></span> <span class='ocrx_word' id='word_1_103' title='bbox 735 1620 889 1706; x_wconf 85' lang='lat' dir='ltr'><strong>hospes</strong></span> <span class='ocrx_word' id='word_1_104' title='bbox 918 1618 1122 1702; x_wconf 69' lang='lat' dir='ltr'><strong>eram,&#39;et</strong></span> 
     </span>
     <span class='ocr_line' id='line_1_16' title="bbox 121 1718 1121 1806; baseline -0.003 -19"><span class='ocrx_word' id='word_1_105' title='bbox 121 1737 204 1787; x_wconf 85' lang='lat' dir='ltr'><strong>non</strong></span> <span class='ocrx_word' id='word_1_106' title='bbox 227 1718 477 1804; x_wconf 85' lang='lat' dir='ltr'><strong>collegistis</strong></span> <span class='ocrx_word' id='word_1_107' title='bbox 507 1743 579 1802; x_wconf 88' lang='lat' dir='ltr'><strong>me;</strong></span> <span class='ocrx_word' id='word_1_108' title='bbox 607 1719 762 1803; x_wconf 86' lang='lat' dir='ltr'><strong>nudus,</strong></span> <span class='ocrx_word' id='word_1_109' title='bbox 791 1731 830 1783; x_wconf 88' lang='lat' dir='ltr'><strong>et</strong></span> <span class='ocrx_word' id='word_1_110' title='bbox 853 1742 935 1786; x_wconf 91' lang='lat' dir='ltr'><strong>non</strong></span> <span class='ocrx_word' id='word_1_111' title='bbox 956 1719 1121 1806; x_wconf 83' lang='lat' dir='ltr'><strong>operui·</strong></span> 
     </span>
     <span class='ocr_line' id='line_1_17' title="bbox 123 1817 1122 1901; baseline -0.004 -16"><span class='ocrx_word' id='word_1_112' title='bbox 123 1821 200 1885; x_wconf 81' lang='lat' dir='ltr'><strong>stis</strong></span> <span class='ocrx_word' id='word_1_113' title='bbox 223 1841 300 1900; x_wconf 84' lang='lat' dir='ltr'><strong>me3</strong></span> <span class='ocrx_word' id='word_1_114' title='bbox 321 1818 525 1884; x_wconf 80' lang='lat' dir='ltr'><strong>infirmus</strong></span> <span class='ocrx_word' id='word_1_115' title='bbox 546 1834 587 1882; x_wconf 90' lang='lat' dir='ltr'><strong>et</strong></span> <span class='ocrx_word' id='word_1_116' title='bbox 608 1819 654 1883; x_wconf 85' lang='lat' dir='ltr'><strong>in</strong></span> <span class='ocrx_word' id='word_1_117' title='bbox 676 1841 866 1901; x_wconf 83' lang='lat' dir='ltr'><strong>carcere,</strong></span> <span class='ocrx_word' id='word_1_118' title='bbox 892 1830 933 1885; x_wconf 88' lang='lat' dir='ltr'><strong>et</strong></span> <span class='ocrx_word' id='word_1_119' title='bbox 956 1841 1039 1884; x_wconf 85' lang='lat' dir='ltr'><strong>non</strong></span> <span class='ocrx_word' id='word_1_120' title='bbox 1061 1817 1122 1883; x_wconf 83' lang='lat' dir='ltr'><strong>vi·</strong></span> 
     </span>
     <span class='ocr_line' id='line_1_18' title="bbox 125 1916 1124 2003; baseline 0.002 -21"><span class='ocrx_word' id='word_1_121' title='bbox 125 1917 300 1982; x_wconf 82' lang='lat' dir='ltr'><strong>citantis</strong></span> <span class='ocrx_word' id='word_1_122' title='bbox 328 1916 439 2003; x_wconf 80' lang='lat' dir='ltr'><strong>me.²)</strong></span> <span class='ocrx_word' id='word_1_123' title='bbox 483 1917 614 1998; x_wconf 77' lang='lat' dir='ltr'><strong>Quibus</strong></span> <span class='ocrx_word' id='word_1_124' title='bbox 638 1917 738 1984; x_wconf 89' lang='lat' dir='ltr'><strong>etiam</strong></span> <span class='ocrx_word' id='word_1_125' title='bbox 760 1919 961 2003; x_wconf 86' lang='lat' dir='ltr'><strong>praemittit,</strong></span> <span class='ocrx_word' id='word_1_126' title='bbox 986 1917 1124 1984; x_wconf 64' lang='lat' dir='ltr'><strong>dicensi</strong></span> 
     </span>
     <span class='ocr_line' id='line_1_19' title="bbox 123 2014 1123 2098; baseline -0.003 -16"><span class='ocrx_word' id='word_1_127' title='bbox 123 2014 345 2082; x_wconf 88' lang='lat' dir='ltr'><strong>Discedite</strong></span> <span class='ocrx_word' id='word_1_128' title='bbox 373 2038 476 2081; x_wconf 87' lang='lat' dir='ltr'><strong>ame</strong></span> <span class='ocrx_word' id='word_1_129' title='bbox 506 2014 724 2081; x_wconf 84' lang='lat' dir='ltr'><strong>maledicti</strong></span> <span class='ocrx_word' id='word_1_130' title='bbox 752 2017 794 2080; x_wconf 89' lang='lat' dir='ltr'><strong>in</strong></span> <span class='ocrx_word' id='word_1_131' title='bbox 822 2017 958 2098; x_wconf 87' lang='lat' dir='ltr'><strong>ignem</strong></span> <span class='ocrx_word' id='word_1_132' title='bbox 990 2027 1123 2082; x_wconf 85' lang='lat' dir='ltr'><strong>aeter·</strong></span> 
     </span>
     <span class='ocr_line' id='line_1_20' title="bbox 123 2111 1123 2201; baseline -0.001 -19"><span class='ocrx_word' id='word_1_133' title='bbox 123 2137 234 2197; x_wconf 88' lang='lat' dir='ltr'><strong>num,</strong></span> <span class='ocrx_word' id='word_1_134' title='bbox 264 2115 342 2200; x_wconf 88' lang='lat' dir='ltr'><strong>qui</strong></span> <span class='ocrx_word' id='word_1_135' title='bbox 374 2124 550 2201; x_wconf 82' lang='lat' dir='ltr'><strong>paratus</strong></span> <span class='ocrx_word' id='word_1_136' title='bbox 577 2125 641 2179; x_wconf 90' lang='lat' dir='ltr'><strong>est</strong></span> <span class='ocrx_word' id='word_1_137' title='bbox 669 2111 840 2178; x_wconf 84' lang='lat' dir='ltr'><strong>diabolo</strong></span> <span class='ocrx_word' id='word_1_138' title='bbox 864 2124 904 2178; x_wconf 92' lang='lat' dir='ltr'><strong>et</strong></span> <span class='ocrx_word' id='word_1_139' title='bbox 933 2113 1123 2198; x_wconf 82' lang='lat' dir='ltr'><strong>angelis-</strong></span> 
     </span>
     <span class='ocr_line' id='line_1_21' title="bbox 124 2211 1123 2300; baseline -0.001 -21"><span class='ocrx_word' id='word_1_140' title='bbox 124 2211 266 2300; x_wconf 82' lang='lat' dir='ltr'><strong>ejus.³)</strong></span> <span class='ocrx_word' id='word_1_141' title='bbox 312 2214 399 2279; x_wconf 80' lang='lat' dir='ltr'><strong>Eece</strong></span> <span class='ocrx_word' id='word_1_142' title='bbox 430 2235 644 2300; x_wconf 86' lang='lat' dir='ltr'><strong>nequaquam</strong></span> <span class='ocrx_word' id='word_1_143' title='bbox 677 2211 957 2300; x_wconf 80' lang='lat' dir='ltr'><strong>audiunt,quia</strong></span> <span class='ocrx_word' id='word_1_144' title='bbox 979 2215 1123 2300; x_wconf 84' lang='lat' dir='ltr'><strong>rapinas·</strong></span> 
     </span>
     <span class='ocr_line' id='line_1_22' title="bbox 123 2311 1124 2401; baseline -0.001 -23"><span class='ocrx_word' id='word_1_145' title='bbox 123 2313 178 2378; x_wconf 80' lang='lat' dir='ltr'><strong>vel</strong></span> <span class='ocrx_word' id='word_1_146' title='bbox 201 2312 377 2401; x_wconf 77' lang='lat' dir='ltr'><strong>quaelibet¹</strong></span> <span class='ocrx_word' id='word_1_147' title='bbox 394 2313 461 2378; x_wconf 84' lang='lat' dir='ltr'><strong>alia</strong></span> <span class='ocrx_word' id='word_1_148' title='bbox 490 2311 640 2377; x_wconf 89' lang='lat' dir='ltr'><strong>violenta</strong></span> <span class='ocrx_word' id='word_1_149' title='bbox 668 2312 923 2393; x_wconf 86' lang='lat' dir='ltr'><strong>commiserunt,</strong></span> <span class='ocrx_word' id='word_1_150' title='bbox 954 2323 1124 2378; x_wconf 81' lang='lat' dir='ltr'><strong>ettamen</strong></span> 
     </span>
     <span class='ocr_line' id='line_1_23' title="bbox 124 2410 1122 2499; baseline 0.001 -24"><span class='ocrx_word' id='word_1_151' title='bbox 124 2413 267 2477; x_wconf 83' lang='lat' dir='ltr'><strong>aeternis</strong></span> <span class='ocrx_word' id='word_1_152' title='bbox 290 2412 465 2496; x_wconf 84' lang='lat' dir='ltr'><strong>gehenuae</strong></span> <span class='ocrx_word' id='word_1_153' title='bbox 486 2410 622 2497; x_wconf 83' lang='lat' dir='ltr'><strong>ignibus</strong></span> <span class='ocrx_word' id='word_1_154' title='bbox 644 2413 889 2499; x_wconf 79' lang='lat' dir='ltr'><strong>mancipantur.</strong></span> <span class='ocrx_word' id='word_1_155' title='bbox 930 2412 1018 2477; x_wconf 86' lang='lat' dir='ltr'><strong>Hinc</strong></span> <span class='ocrx_word' id='word_1_156' title='bbox 1040 2433 1122 2496; x_wconf 84' lang='lat' dir='ltr'><strong>ergo</strong></span> 
     </span>
     <span class='ocr_line' id='line_1_24' title="bbox 124 2508 1125 2599; baseline 0.001 -24"><span class='ocrx_word' id='word_1_157' title='bbox 124 2510 347 2595; x_wconf 84' lang='lat' dir='ltr'><strong>colligendum</strong></span> <span class='ocrx_word' id='word_1_158' title='bbox 370 2522 435 2594; x_wconf 88' lang='lat' dir='ltr'><strong>est,</strong></span> <span class='ocrx_word' id='word_1_159' title='bbox 461 2519 588 2599; x_wconf 86' lang='lat' dir='ltr'><strong>quante</strong></span> <span class='ocrx_word' id='word_1_160' title='bbox 611 2508 821 2576; x_wconf 81' lang='lat' dir='ltr'><strong>damnatione</strong></span> <span class='ocrx_word' id='word_1_161' title='bbox 844 2510 1010 2599; x_wconf 84' lang='lat' dir='ltr'><strong>plectendi</strong></span> <span class='ocrx_word' id='word_1_162' title='bbox 1032 2520 1125 2594; x_wconf 88' lang='lat' dir='ltr'><strong>sunt,</strong></span> 
     </span>
     <span class='ocr_line' id='line_1_25' title="bbox 123 2610 1119 2698; baseline 0 -23"><span class='ocrx_word' id='word_1_163' title='bbox 123 2611 181 2698; x_wconf 89' lang='lat' dir='ltr'><strong>qui</strong></span> <span class='ocrx_word' id='word_1_164' title='bbox 203 2613 340 2698; x_wconf 89' lang='lat' dir='ltr'><strong>rapiunt</strong></span> <span class='ocrx_word' id='word_1_165' title='bbox 361 2610 482 2694; x_wconf 82' lang='lat' dir='ltr'><strong>aliena,</strong></span> <span class='ocrx_word' id='word_1_166' title='bbox 508 2613 538 2676; x_wconf 91' lang='lat' dir='ltr'><strong>si</strong></span> <span class='ocrx_word' id='word_1_167' title='bbox 559 2620 654 2676; x_wconf 82' lang='lat' dir='ltr'><strong>tanta</strong></span> <span class='ocrx_word' id='word_1_168' title='bbox 678 2610 971 2679; x_wconf 86' lang='lat' dir='ltr'><strong>animadversione</strong></span> <span class='ocrx_word' id='word_1_169' title='bbox 993 2612 1119 2677; x_wconf 87' lang='lat' dir='ltr'><strong>feriun-</strong></span> 
     </span>
    </p>
   </div>
   <div class='ocr_carea' id='block_1_5' title="bbox 122 2697 1265 2798">
    <p class='ocr_par' dir='ltr' id='par_1_6' title="bbox 122 2697 1265 2798">
     <span class='ocr_line' id='line_1_26' title="bbox 122 2697 1265 2798; baseline 0 -22"><span class='ocrx_word' id='word_1_170' title='bbox 122 2721 189 2793; x_wconf 85' lang='lat' dir='ltr'><strong>tur,</strong></span> <span class='ocrx_word' id='word_1_171' title='bbox 213 2712 272 2798; x_wconf 89' lang='lat' dir='ltr'><strong>qui</strong></span> <span class='ocrx_word' id='word_1_172' title='bbox 295 2734 358 2776; x_wconf 90' lang='lat' dir='ltr'><strong>sua</strong></span> <span class='ocrx_word' id='word_1_173' title='bbox 380 2710 561 2776; x_wconf 86' lang='lat' dir='ltr'><strong>indiscrete</strong></span> <span class='ocrx_word' id='word_1_174' title='bbox 575 2721 762 2776; x_wconf 84' lang='lat' dir='ltr'><strong>tenuerunt.</strong></span> <span class='ocrx_word' id='word_1_175' title='bbox 804 2710 1031 2798; x_wconf 87' lang='lat' dir='ltr'><strong>Perpendaut,</strong></span> <span class='ocrx_word' id='word_1_176' title='bbox 1053 2731 1122 2795; x_wconf 86' lang='lat' dir='ltr'><strong>quo</strong></span> <span class='ocrx_word' id='word_1_177' title='bbox 1164 2762 1169 2774; x_wconf 94' lang='lat'>.</span> <span class='ocrx_word' id='word_1_178' title='bbox 1264 2697 1265 2704; x_wconf 9' lang='grc' dir='ltr'>ἵ</span> 
     </span>
    </p>
   </div>
   <div class='ocr_carea' id='block_1_6' title="bbox 124 2805 1147 3392">
    <p class='ocr_par' dir='ltr' id='par_1_7' title="bbox 124 2805 1124 3190">
     <span class='ocr_line' id='line_1_27' title="bbox 124 2805 1124 2898; baseline 0.001 -25"><span class='ocrx_word' id='word_1_179' title='bbox 124 2831 178 2875; x_wconf 89' lang='lat' dir='ltr'><strong>eos</strong></span> <span class='ocrx_word' id='word_1_180' title='bbox 200 2810 326 2895; x_wconf 85' lang='lat' dir='ltr'><strong>obliget</strong></span> <span class='ocrx_word' id='word_1_181' title='bbox 346 2823 442 2877; x_wconf 85' lang='lat' dir='ltr'><strong>reatu</strong></span> <span class='ocrx_word' id='word_1_182' title='bbox 465 2833 520 2876; x_wconf 88' lang='lat' dir='ltr'><strong>res</strong></span> <span class='ocrx_word' id='word_1_183' title='bbox 542 2821 659 2896; x_wconf 78' lang='lat' dir='ltr'><strong>capta,</strong></span> <span class='ocrx_word' id='word_1_184' title='bbox 684 2811 712 2876; x_wconf 92' lang='lat' dir='ltr'><strong>si</strong></span> <span class='ocrx_word' id='word_1_185' title='bbox 734 2809 796 2876; x_wconf 82' lang='lat' dir='ltr'><strong>tali</strong></span> <span class='ocrx_word' id='word_1_186' title='bbox 826 2809 963 2898; x_wconf 89' lang='lat' dir='ltr'><strong>subjicit</strong></span> <span class='ocrx_word' id='word_1_187' title='bbox 991 2805 1124 2895; x_wconf 77' lang='lat' dir='ltr'><strong>poenae</strong></span> 
     </span>
     <span class='ocr_line' id='line_1_28' title="bbox 125 2908 1118 2997; baseline 0.001 -27"><span class='ocrx_word' id='word_1_188' title='bbox 125 2929 191 2972; x_wconf 91' lang='lat' dir='ltr'><strong>non</strong></span> <span class='ocrx_word' id='word_1_189' title='bbox 211 2909 344 2976; x_wconf 85' lang='lat' dir='ltr'><strong>tradita.</strong></span> <span class='ocrx_word' id='word_1_190' title='bbox 388 2909 619 2997; x_wconf 87' lang='lat' dir='ltr'><strong>Perpendant‚</strong></span> <span class='ocrx_word' id='word_1_191' title='bbox 653 2909 733 2996; x_wconf 86' lang='lat' dir='ltr'><strong>quid</strong></span> <span class='ocrx_word' id='word_1_192' title='bbox 754 2921 923 2974; x_wconf 84' lang='lat' dir='ltr'><strong>mereatur</strong></span> <span class='ocrx_word' id='word_1_193' title='bbox 952 2908 1118 2994; x_wconf 82' lang='lat' dir='ltr'><strong>injustitia</strong></span> 
     </span>
     <span class='ocr_line' id='line_1_29' title="bbox 124 3005 1121 3096; baseline 0.003 -28"><span class='ocrx_word' id='word_1_194' title='bbox 124 3005 239 3088; x_wconf 84' lang='lat' dir='ltr'><strong>illata,</strong></span> <span class='ocrx_word' id='word_1_195' title='bbox 274 3009 302 3072; x_wconf 89' lang='lat' dir='ltr'><strong>si</strong></span> <span class='ocrx_word' id='word_1_196' title='bbox 328 3017 424 3075; x_wconf 84' lang='lat' dir='ltr'><strong>tantu</strong></span> <span class='ocrx_word' id='word_1_197' title='bbox 455 3011 669 3096; x_wconf 85' lang='lat' dir='ltr'><strong>percussione</strong></span> <span class='ocrx_word' id='word_1_198' title='bbox 696 3007 799 3091; x_wconf 85' lang='lat' dir='ltr'><strong>digna</strong></span> <span class='ocrx_word' id='word_1_199' title='bbox 829 3015 880 3070; x_wconf 88' lang='lat' dir='ltr'><strong>est</strong></span> <span class='ocrx_word' id='word_1_200' title='bbox 911 3007 1019 3094; x_wconf 79' lang='lat' dir='ltr'><strong>pietas</strong></span> <span class='ocrx_word' id='word_1_201' title='bbox 1052 3028 1121 3071; x_wconf 77' lang='lat' dir='ltr'><strong>non</strong></span> 
     </span>
     <span class='ocr_line' id='line_1_30' title="bbox 125 3105 284 3190; baseline 0.019 -23"><span class='ocrx_word' id='word_1_202' title='bbox 125 3105 284 3190; x_wconf 86' lang='lat' dir='ltr'><strong>impensa.</strong></span> 
     </span>
    </p>

    <p class='ocr_par' dir='ltr' id='par_1_8' title="bbox 126 3202 1147 3392">
     <span class='ocr_line' id='line_1_31' title="bbox 188 3202 1147 3294; baseline 0.002 -25"><span class='ocrx_word' id='word_1_203' title='bbox 188 3203 270 3269; x_wconf 81' lang='lat' dir='ltr'><strong>(lum</strong></span> <span class='ocrx_word' id='word_1_204' title='bbox 306 3205 417 3272; x_wconf 82' lang='lat' dir='ltr'><strong>aliena</strong></span> <span class='ocrx_word' id='word_1_205' title='bbox 457 3228 578 3294; x_wconf 87' lang='lat' dir='ltr'><strong>rapere</strong></span> <span class='ocrx_word' id='word_1_206' title='bbox 615 3202 808 3288; x_wconf 86' lang='lat' dir='ltr'><strong>intendunt,</strong></span> <span class='ocrx_word' id='word_1_207' title='bbox 854 3204 996 3270; x_wconf 84' lang='lat' dir='ltr'><strong>audiant</strong></span> <span class='ocrx_word' id='word_1_208' title='bbox 1032 3203 1147 3290; x_wconf 78' lang='lat' dir='ltr'><strong>quod&#39;</strong></span> 
     </span>
     <span class='ocr_line' id='line_1_32' title="bbox 126 3303 1124 3392; baseline 0.001 -22"><span class='ocrx_word' id='word_1_209' title='bbox 126 3304 358 3392; x_wconf 86' lang='lat' dir='ltr'><strong>scriptumest:</strong></span> <span class='ocrx_word' id='word_1_210' title='bbox 379 3307 466 3372; x_wconf 84' lang='lat' dir='ltr'><strong>Vae</strong></span> <span class='ocrx_word' id='word_1_211' title='bbox 483 3308 535 3390; x_wconf 89' lang='lat' dir='ltr'><strong>ei,</strong></span> <span class='ocrx_word' id='word_1_212' title='bbox 559 3307 630 3392; x_wconf 90' lang='lat' dir='ltr'><strong>qui</strong></span> <span class='ocrx_word' id='word_1_213' title='bbox 647 3303 903 3391; x_wconf 81' lang='lat' dir='ltr'><strong>multiplicat</strong></span> <span class='ocrx_word' id='word_1_214' title='bbox 924 3327 1005 3390; x_wconf 83' lang='lat' dir='ltr'><strong>non</strong></span> <span class='ocrx_word' id='word_1_215' title='bbox 1028 3311 1124 3388; x_wconf 69' lang='lat' dir='ltr'><strong>suja:</strong></span> 
     </span>
    </p>
   </div>
   <div class='ocr_carea' id='block_1_7' title="bbox 342 3449 418 3460">
    <p class='ocr_par' dir='ltr' id='par_1_9' title="bbox 342 3449 418 3460">
     <span class='ocr_line' id='line_1_33' title="bbox 342 3449 418 3460; baseline 0.026 -2"><span class='ocrx_word' id='word_1_216' title='bbox 342 3449 418 3460; x_wconf 66' lang='lat' dir='ltr'><strong>uun-u·-</strong></span> 
     </span>
    </p>
   </div>
   <div class='ocr_carea' id='block_1_8' title="bbox 78 3531 1099 3690">
    <p class='ocr_par' dir='ltr' id='par_1_10' title="bbox 78 3531 1099 3690">
     <span class='ocr_line' id='line_1_34' title="bbox 78 3531 1099 3612; baseline 0.001 -24"><span class='ocrx_word' id='word_1_217' title='bbox 78 3608 79 3612; x_wconf 8' lang='grc' dir='ltr'><strong><em>Ν</em></strong></span> <span class='ocrx_word' id='word_1_218' title='bbox 150 3534 172 3600; x_wconf 75' lang='grc'><strong>·)</strong></span> <span class='ocrx_word' id='word_1_219' title='bbox 188 3533 281 3588; x_wconf 68' lang='lat' dir='ltr'><strong>natu.</strong></span> <span class='ocrx_word' id='word_1_220' title='bbox 302 3533 328 3604; x_wconf 84' lang='lat' dir='ltr'><strong>s,</strong></span> <span class='ocrx_word' id='word_1_221' title='bbox 355 3535 398 3592; x_wconf 79' lang='lat' dir='ltr'><strong>ar.</strong></span> <span class='ocrx_word' id='word_1_222' title='bbox 431 3533 495 3590; x_wconf 75' lang='lat' dir='ltr'><strong>nne.</strong></span> <span class='ocrx_word' id='word_1_223' title='bbox 521 3533 570 3606; x_wconf 80' lang='lat'><strong>12,</strong></span> <span class='ocrx_word' id='word_1_224' title='bbox 595 3533 638 3592; x_wconf 79' lang='lat' dir='ltr'><strong>m.</strong></span> <span class='ocrx_word' id='word_1_225' title='bbox 671 3563 698 3573; x_wconf 88' lang='lat'><em>-</em></span> <span class='ocrx_word' id='word_1_226' title='bbox 724 3533 853 3600; x_wconf 71' lang='lat' dir='ltr'><strong>susm.</strong></span> <span class='ocrx_word' id='word_1_227' title='bbox 872 3535 914 3600; x_wconf 80' lang='lat' dir='ltr'><strong>m,</strong></span> <span class='ocrx_word' id='word_1_228' title='bbox 939 3533 987 3590; x_wconf 74' lang='lat' dir='ltr'><strong>su·</strong></span> <span class='ocrx_word' id='word_1_229' title='bbox 1004 3531 1045 3590; x_wconf 70' lang='lat' dir='ltr'><strong>su,</strong></span> <span class='ocrx_word' id='word_1_230' title='bbox 1065 3561 1099 3577; x_wconf 82' lang='lat'><em>-</em></span> 
     </span>
     <span class='ocr_line' id='line_1_35' title="bbox 192 3617 443 3690; baseline 0 -16"><span class='ocrx_word' id='word_1_231' title='bbox 192 3617 202 3649; x_wconf 85' lang='lat'>⁸</span> <span class='ocrx_word' id='word_1_232' title='bbox 231 3620 321 3675; x_wconf 81' lang='lat' dir='ltr'><strong>Matth.</strong></span> <span class='ocrx_word' id='word_1_233' title='bbox 340 3618 382 3690; x_wconf 80' lang='lat'><strong>25,</strong></span> <span class='ocrx_word' id='word_1_234' title='bbox 401 3620 443 3674; x_wconf 79' lang='lat' dir='ltr'><strong>u.</strong></span> 
     </span>
    </p>
   </div>
   <div class='ocr_carea' id='block_1_9' title="bbox 0 0 1290 4172">
    <p class='ocr_par' dir='ltr' id='par_1_11' title="bbox 0 0 1290 4172">
     <span class='ocr_line' id='line_1_36' title="bbox 0 0 1290 4172; baseline 0 0"><span class='ocrx_word' id='word_1_235' title='bbox 0 0 1290 4172; x_wconf 95' lang='lat' dir='ltr'><strong> </strong></span> 
     </span>
    </p>
   </div>
  </div>
 </body>
</html>
