2556 4150
525 239 567 270 .·.
609 205 731 284 1ip.·

493 391 762 478 caruit

130 538 262 604 Dahis,
281 539 337 607 qni
356 539 388 592 in
406 536 591 605 regiminis
609 537 955 625 eulminaproiemose
969 539 1126 633 epompio

206 621 379 674 virtutum
401 623 567 691 possunt,
599 622 661 674 seri
683 621 843 702 quietem
870 613 1050 690 propriam

416 706 595 759 sectan'io
619 685 828 774 refugiunt.

191 823 277 888 Nam
303 803 382 889 sunt
410 811 579 906 nonnulli,
614 824 673 912 qui
694 808 818 890 eximia
848 827 1007 891 virtutum
1038 821 1126 912 dona

126 923 330 1012 percipiunt,
364 929 398 988 et
425 945 486 1009 pro
515 923 753 990 exercitatione
785 933 973 991 ceterorum
994 924 1125 1010 magnis

126 1022 319 1090 muneribus
341 1017 553 1104 exaltantur,
586 1023 646 1110 qui
667 1013 777 1090 studio
809 1023 976 1115 castitatis
998 1013 1135 1105 muudi,¹

126 1123 350 1188 abstinentiae
378 1119 497 1186 robore
527 1120 650 1205 validi,
690 1120 862 1190 doctrinae
892 1121 1039 1210 dapibus
1072 1143 1123 1186 re-

125 1215 219 1305 ferti,
239 1220 423 1308 patientiae
445 1219 702 1306 longanimitate
723 1219 882 1304 humiles,
912 1223 1138 1288 ‘auctoritatis'

126 1321 321 1388 fortitudine
345 1319 466 1401 erecti,
499 1321 634 1406 pietatis
656 1321 768 1406 gratia
790 1321 945 1406 benigni,
975 1323 1125 1402 iustitiae

128 1421 308 1484 severitate
329 1416 471 1483 districti
494 1429 580 1484 sunt.
618 1419 685 1498 Qui
707 1420 862 1484 nimirum
881 1418 1014 1487 eulmen
1036 1423 1125 1506 regi·

126 1517 251 1581 minum
274 1519 302 1580 si
333 1514 444 1584 vocati
472 1518 640 1604 suscipere
671 1526 834 1598 renuunt,
868 1519 944 1605 ipsa
967 1519 1031 1582 sibi
1052 1520 1125 1608 ple·

126 1639 267 1703 rumque
283 1615 371 1681 dona
392 1616 552 1698 adimunt,
575 1638 663 1714 quae
678 1639 746 1682 non
760 1640 822 1706 pro
842 1639 876 1684 se
888 1618 1125 1704 tantummode,

127 1713 186 1780 sed
208 1717 307 1781 etiam
321 1713 480 1800 proeliis
502 1707 716 1802 acceperunt
750 1715 900 1802 Cumque
921 1738 992 1798 sua,
1015 1726 1127 1781 etnon

128 1814 268 1881 aliorum
298 1815 393 1879 lucra
416 1815 489 1898 cogi
492 1823 580 1899 t,ant
610 1815 693 1900 ipsis
716 1839 770 1896 se,
802 1838 887 1902 quae
910 1815 1043 1903 privata
1065 1813 1123 1880 ha-

127 1912 206 1979 bere
229 1923 409 2000 appetunt,
432 1913 528 1979 bonis
549 1864 695 2000 plivant
730 1905 819 1980 Hinc
835 1925 979 2000 namque
999 1912 1042 1978 ad
1058 1912 1143 1979 dis·

128 2012 257 2100 cipulos
279 2013 414 2079 Veritas
446 2013 541 2079 dicit:
574 2013 659 2080 Non
690 2018 838 2102 potest
868 2013 1029 2080 civitas
1058 2011 1124 2078 ab·

129 2111 275 2179 scondi
298 2112 621 2201 supermontem
643 2115 954 2201 positazneque
978 2101 1124 2177 accen·

128 2213 228 2278 dunt
256 2212 485 2294 lucernam,
518 2223 559 2278 et
586 2221 749 2293 ponunt
776 2233 862 2276 eam
886 2208 1123 2292 submodio,

129 2310 202 2377 aed
225 2334 352 2399 super
372 2311 687 2392 candelabrum,
709 2301 915 2374 ut'luoeai
932 2307 1123 2392 omnibus,

129 2411 200 2495 qui
230 2412 271 2477 in
305 2409 415 2477 domo
449 2419 555 2475 sunt.
582 2406 607 2498 ¹)
650 2405 739 2473 Hinc
761 2407 860 2473 Petro
889 2409 954 2471 ait:
986 2407 1124 2473 Simon

127 2509 320 2591 Joannis,
351 2530 461 2575 arnas
489 2510 572 2574 me?
622 2508 790 2587 Quicum
819 2529 855 2574 se
884 2507 1123 2595 amare'proti-

127 2632 192 2674 nus
214 2609 460 2696 respondisset,
483 2607 625 2676 audivit:
658 2606 702 2674 Si
724 2607 876 2694 diligis
897 2630 973 2689 me,
995 2627 1123 2694 pasce

128 2731 228 2775 oves
250 2729 371 2774 meas
396 2706 423 2793 2)
468 2706 505 2772 Si
525 2729 604 2822 ergo
625 2707 811 2774 dilectionis
834 2717 886 2774 est
900 2707 1124 2772 testimonium

128 2828 210 2872 eura
232 2808 413 2892 pastionis,
448 2807 601 2908 quisquis
626 2807 809 2874 virtutibus
830 2805 960 2894 pollens
987 2826 1123 2889 gregem

127 2905 195 2970 Dei
216 2907 327 2978 renuit
348 2927 505 2993 pascere,
532 2917 700 2993 pastorem
729 2912 890 2972 summum
917 2903 1125 2971 convincitur

128 3025 194 3070 non
217 3025 339 3071 amare.
382 3005 471 3071 Hinc
494 3005 624 3072 Paulus
637 3005 732 3073 dicit.
765 3005 806 3072 Si
830 3003 1028 3072 Christus
1050 3027 1122 3092 pro

129 3101 322 3172 omnibus
350 3114 533 3171 mortuus
564 3116 645 3189 est,
675 3127 769 3190 ergo
798 3126 939 3172 omnes
969 3104 1123 3171 mortni

129 3215 234 3270 aunt.
278 3203 329 3269 Et
357 3204 392 3271 si
413 3227 483 3291 pro
511 3203 702 3290 omnibus
723 3214 912 3282 mortuus
934 3195 1019 3288 est,
1062 3227 1121 3271 su·

80 3369 84 3376 ,
127 3311 275 3392 pereat
297 3313 356 3387 ot,
381 3305 450 3392 qui
468 3307 637 3388 vivunt,
654 3305 740 3391 jam
761 3326 838 3372 non
861 3304 944 3370 sibi
964 3306 1122 3386 vivant,

128 3403 202 3468 aad
232 3405 283 3484 ei,
322 3405 397 3492 qui
428 3428 503 3491 pro
533 3405 643 3492 ipsis
673 3412 854 3469 mortuns
887 3413 952 3470 est
984 3412 1025 3468 et
1057 3425 1121 3468 re-

128 3507 319 3570 surrexit
345 3503 372 3594 i)
413 3505 501 3570 Hinc
522 3503 657 3592 Moyses
685 3502 751 3587 ait,
785 3510 823 3568 ut
842 3524 981 3569 uxorem
1006 3501 1122 3568 fratria

169 3683 189 3746 ι)
211 3684 303 3738 Marto.
314 3685 338 3754 5,
358 3683 399 3738 14.
419 3681 460 3737 15.
480 3712 513 3722 -
531 3681 552 3748 ²)
569 3683 644 3737 Joarr.
659 3681 702 3753 21,
720 3679 855 3739 16.17.-
875 3679 895 3746 Ι)
912 3678 1009 3735 2.Gor.
1020 3678 1044 3748 b,
1062 3681 1104 3735 15.
