2554 4172
560 169 783 237 ..158-

169 342 288 402 mente
301 331 342 397 de
363 337 553 423 praesepti·
574 334 667 422 pacis
687 331 890 400 discorditm
909 335 1050 422 faciunt,
1069 338 1168 423 justo

170 433 237 500 Dei
257 433 413 498 examine
435 436 501 522 ipsi
522 433 561 499 de
583 431 693 497 verbis
714 433 804 499 vitae
825 435 1020 502 moriuntur.

228 531 273 596 At
286 545 403 598 eontra
418 531 612 599 admonendi
625 539 715 610 sunt,
738 534 797 618 qui
810 541 900 598 reete
915 531 1051 618 quidem
1061 532 1173 602 verbe

167 630 270 717 Legis
285 631 495 717 intelligunt,
518 629 575 694 sed
591 626 677 694 haee
691 627 859 696 humiliter
880 653 948 698 non
960 629 1146 718 loquuntur
1159 658 1170 717 ;

168 737 208 794 nt
230 731 266 796 in
289 730 410 796 divinis
432 725 655 812 sermonibus,
675 730 769 814 prius
791 751 891 816 quam
913 728 993 796 aliis
1015 753 1072 798 eos
1089 755 1167 817 pro·

167 827 296 912 ferant,
320 827 509 912 semetipsos
531 827 707 913 requirant
726 823 767 912 ¹),
789 849 832 894 ne
846 827 1064 924 insequentes
1080 829 1167 896 alio-

167 950 243 994 rum
265 929 355 994 laeta
377 949 412 991 se
433 926 607 1008 deseraut3
630 936 748 992 etcum
763 936 854 992 reete
871 937 992 993 cuneta
1006 927 1049 994 de
1067 949 1169 996 secra

170 1025 345 1114 Scriptura
355 1023 512 1103 sentiunt,
535 1023 599 1090 hoe
620 1024 734 1108 solum,
759 1026 847 1112 quod
868 1023 1033 1111 perillam
1046 1037 1169 1097 eontra

169 1127 272 1194 elatos
295 1126 431 1203 dieitur,
466 1145 531 1190 nou
555 1123 739 1190 attendant.
782 1123 959 1213 Improbus
983 1127 1107 1214 quippe
1131 1139 1170 1196 et

168 1224 340 1309 imperitus
363 1233 412 1286 est
434 1221 599 1304 medicus,
623 1225 680 1310 qui
703 1223 850 1290 alionum
872 1220 998 1290 mederi
1021 1228 1165 1314 appetit,

169 1337 203 1390 et
235 1327 304 1408 ipse
335 1319 475 1401 vulnus,
508 1323 596 1408 quod
626 1325 769 1410 patitur,
803 1327 918 1390 nescit.
963 1324 1031 1405 Qui
1060 1326 1166 1410 igitur

167 1421 268 1487 verba
290 1418 355 1482 Dei
377 1417 544 1484 humiliter
569 1445 635 1486 non
655 1421 854 1508 loquuntur,
878 1426 1027 1510 profecto
1051 1423 1163 1494 admo-

165 1520 266 1586 nendi
297 1530 392 1600 sunt,
426 1533 463 1584 ut
492 1544 567 1586 eum
592 1521 809 1586 medicamina
832 1526 945 1607 aegris
974 1540 1162 1612 apponunt,

166 1617 261 1705 prius
290 1621 384 1682 virus
407 1643 487 1684 suae
511 1621 614 1706 pestis
644 1620 840 1706 inspiciant,
873 1647 914 1689 ne
938 1623 1024 1690 alios
1042 1626 1068 1712 ²)
1093 1647 1158 1690 me·

166 1718 271 1784 dendo
294 1719 358 1800 ipsi
381 1721 572 1787 moriantur.
615 1719 797 1787 Admoneri
827 1723 963 1804 debent,
994 1733 1031 1788 nt
1053 1725 1155 1790 eonsi-

163 1818 297 1898 derent,
335 1841 384 1882 no,
402 1841 423 1881 a
446 1821 570 1886 virtuto
593 1819 674 1885 dieti
697 1819 828 1887 dicendi
852 1822 1014 1908 qualitate
1037 1822 1159 1890 diseor·

166 1918 245 1984 dent
265 1913 311 2001 3),
344 1941 386 1984 ne
415 1917 585 2006 loquendo
616 1919 729 2003 uliud,
769 1932 802 1986 et
830 1922 1034 1988 ostendendo
1067 1921 1163 1988 aliud

162 2015 367 2103 praedicent.
410 2017 561 2086 Audiant
583 2022 698 2108 itaque
720 2021 809 2108 quod
827 2024 1068 2108 scriptumest:
1101 2020 1162 2086 si-

163 2116 258 2202 quis
281 2114 492 2203 loquitur,
518 2121 647 2205 quasi
669 2142 893 2187 sermones
916 2118 1051 2201 Dete)
1088 2119 1161 2197 Qui

163 2237 242 2298 ergo
273 2215 393 2297 verba,
425 2240 512 2303 quae
542 2219 732 2306 proferunt,
764 2241 807 2282 ex
834 2219 977 2302 propriis
1010 2237 1076 2278 non
1097 2213 1160 2276 ha·

161 2313 260 2394 beut,
284 2338 344 2380 eur
366 2319 464 2404 quasi
487 2316 527 2382 de
550 2321 694 2404 propriis
710 2315 860 2382 tument?
899 2310 1048 2376 Audiant
1069 2313 1160 2396 quod

163 2414 319 2494 seriptum
354 2428 418 2482 ost:
467 2416 589 2482 Siout
621 2439 670 2478 ex
702 2415 789 2478 Deo
822 2431 958 2474 eoram
989 2409 1081 2476 Deo
1114 2411 1159 2474 in
1255 2449 1256 2452 =

163 2510 336 2581 Christo
363 2514 585 2602 loquimur.
607 2511 633 2595 5)
678 2511 732 2576 Ex
753 2509 827 2574 Deo
850 2511 938 2574 enim
960 2531 1069 2574 eorum
1082 2507 1161 2574 Deo

160 2611 326 2699 loquitur,
352 2615 409 2699 qui
432 2611 686 2699 praedicationis
709 2607 867 2690 verbum,
892 2618 925 2672 et
949 2609 1029 2696 quia
1045 2630 1067 2672 a
1084 2607 1160 2674 Deo

161 2714 300 2798 aceepit,
323 2713 496 2796 intelligit,
521 2720 553 2775 et
573 2707 704 2790 plaeere
725 2729 785 2795 per
807 2706 890 2772 illud
909 2707 991 2794 Dee,
1014 2731 1080 2774 non
1102 2707 1156 2774 ho·

160 2813 306 2879 minibus
326 2812 465 2900 quaerit.
501 2807 652 2874 Audiaut
674 2806 1022 2894 quodseriptumest:
1057 2806 1158 2873 Abo·
1216 2799 1226 2814 ⁸

161 2913 336 2977 minatio
362 2909 529 2975 Domini
551 2918 613 2974 est
636 2907 765 2973 omnis
786 2907 1043 2993 arrogansl)
1069 2906 1158 2986 Quia

161 3010 320 3078 videlieet
342 3009 418 3074 dum
441 3009 476 3073 in
497 3007 599 3074 verbo
624 3006 691 3072 Dei
713 3007 851 3092 gloriam
866 3007 1034 3094 propriam
1055 3028 1159 3094 quae·

159 3112 219 3192 rit,
239 3113 297 3196 jus
320 3107 431 3174 dantis
452 3100 601 3189 invadit3
634 3129 776 3193 eumque
804 3104 898 3172 laudi
921 3128 1002 3171 suae
1025 3115 1160 3193 postpo-
1254 3161 1255 3168 ,

213 3226 231 3256 Ι

165 3274 241 3283 ....-,...
249 3272 327 3282 ...μ-..-
339 3273 348 3278 -
358 3271 450 3279 η...-

201 3360 223 3428 ¹)
243 3357 306 3412 Alit.
325 3359 465 3427 inquirunt.
485 3386 515 3396 -
536 3355 560 3424 ²)
578 3355 643 3408 Alit.
661 3355 733 3408 aliis.
753 3383 782 3392 —
804 3321 833 3422 ⁸)i
844 3353 909 3409 Alit.
926 3369 958 3406 ue
975 3371 992 3406 a
1009 3355 1103 3407 virtute
1115 3356 1162 3407 di-

230 3446 318 3512 cendi,
343 3446 445 3498 vivendi
464 3444 594 3512 qualitate,
615 3442 774 3505 discordent,
802 3441 856 3505 vel,
875 3455 892 3492 a
911 3440 1006 3492 virtuto
1024 3439 1093 3506 dieti,
1113 3442 1160 3493 vi-

229 3534 372 3586 vendieto.
391 3559 424 3570 -—
451 3529 476 3598 ⁴)
496 3531 520 3586 1.
540 3531 606 3583 Pelr.
626 3527 650 3596 4,
670 3527 712 3582 11.
732 3555 761 3564 -
793 3523 811 3589 ⁸)
831 3525 856 3580 2.
876 3525 933 3580 Gor.
952 3525 981 3592 2,
1001 3525 1043 3582 17.
1064 3553 1093 3576 -.-
1134 3523 1159 3595 ⁶)

230 3623 306 3676 νων.
325 3620 366 3689 16,
385 3619 426 3674 15.
