2554 4172
465 209 468 216 ’
556 227 761 293 -so-

157 400 290 458 etcum
323 401 450 458 rectam
482 392 680 458 sententiam
716 395 814 482 quasi
849 395 885 462 in
915 393 1054 462 alterum
1077 415 1154 482 pro·

93 505 94 508 ’
158 483 331 573 tulerint,
364 503 444 558 tunc
485 489 590 556 modis
632 491 894 578 congruentibus
938 492 979 557 de
1018 494 1155 582 proprio

158 599 255 656 reatu
287 590 431 657 feriendi
464 601 562 672 sunt,
597 600 635 656 ut
665 614 770 659 mens·
792 593 970 680 temporali
1003 593 1155 682 potentia

156 690 286 756 tumida
325 699 443 760 contra
481 691 714 777 corripientem
772 713 987 780 nequaquam
1021 714 1055 757 se
1089 693 1154 758 eri·

157 799 234 875 gat,
267 814 353 878 quae
375 811 433 856 suo
457 788 521 856 sibi
538 788 668 878 judicio
691 790 871 882 superbiae
899 793 1066 858 cervicem
1088 786 1155 860 oal-

157 899 226 974 eat3
258 893 348 956 etin
368 888 459 954 nulla
485 891 538 955 sui
561 890 754 957 defensione
785 915 820 958 se
843 903 1017 977 exerceat,
1054 913 1156 980 quam

159 992 327 1058 sententia
356 991 482 1076 proprii
510 995 576 1058 oris
606 990 701 1076 ligat,
743 991 832 1058 Hinc
854 1003 905 1060 est
926 995 1031 1076 enim,
1065 993 1156 1080 quod
1265 1073 1266 1078 ἵ

159 1089 296 1157 Nathan
317 1088 481 1176 propheta
510 1113 653 1176 arguere
675 1113 789 1177 regem
810 1105 973 1177 venerat,
1003 1103 1035 1158 ot
1057 1094 1155 1179 quasi

160 1191 201 1256 de
223 1205 324 1256 causa
344 1191 504 1276 pauperis
525 1203 641 1258 contra
664 1191 801 1260 divitem
828 1181 991 1280 judicium
1014 1213 1152 1280 quaere·

155 1290 230 1374 ‘bat3
251 1300 289 1355 ut
310 1290 692 1375 priusrex'sententiam
710 1293 844 1372 diceret,
864 1304 896 1358 et
912 1304 1040 1358 reatum
1059 1315 1155 1358 suum

157 1387 362 1474 postmodum
390 1389 540 1472 audiret,
571 1401 738 1478 quatenus
768 1413 983 1478 nequaquam
1001 1393 1154 1478 justitiae

158 1486 416 1570 contradiceret,
447 1511 546 1574 quam
576 1493 647 1575 ipse
675 1492 711 1556 in
734 1514 769 1554 se
792 1489 997 1576 protulisset.
1024 1489 1049 1577 ¹)
1093 1491 1156 1558 Vir

156 1589 271 1673 itaque
295 1597 431 1656 sanctus
454 1600 487 1654 et
508 1599 716 1677 peecatorem
738 1588 956 1655 considerans
985 1601 1018 1654 et
1039 1613 1154 1674 regem

156 1687 238 1752 miro
261 1686 377 1752 ordine
402 1687 561 1753 audacem
592 1709 685 1754 reum
706 1690 799 1777 prius
822 1710 883 1776 per
912 1687 1157 1756 confessionem
1267 1713 1268 1722 ¹

155 1789 259 1873 ligare
283 1786 427 1872 studuit,
459 1798 491 1854 et
519 1787 729 1874 postmodum
758 1810 819 1873 per
848 1786 1071 1852 invectionem
1104 1811 1157 1854 se·

157 1909 243 1954 care.
287 1887 420 1954 Oelavit
441 1887 631 1976 paululum,
658 1910 756 1974 quem
779 1887 966 1973 quaesivit,
999 1887 1058 1952 sed
1079 1911 1156 1974 per-

156 1989 260 2054 cussit
281 1998 435 2076 repente,
459 2010 558 2075 quem
579 1987 697 2052 tenuit.
739 1983 876 2071 Pigrius
901 1986 987 2050 enim
1010 1985 1170 2055 fortasse

156 2088 335 2172 incideret,
368 2091 396 2154 si
425 2089 467 2154 ab
496 2091 569 2176 ipso
594 2089 755 2152 sermonis
784 2084 921 2152 exordio
944 2097 1061 2174 aperte
1083 2083 1151 2151 cul-

154 2207 233 2274 pam
253 2188 355 2254 ferire
369 2188 541 2271 voluisset,
565 2188 624 2256 sed
640 2188 825 2274 praemissa
839 2185 1050 2251 similitudine
1064 2205 1148 2264 eam,
1210 2215 1220 2234 ·

156 2309 255 2375 quam
268 2288 473 2371 occultabat,
496 2288 631 2354 exacuit
647 2287 919 2374 increpationem.
948 2287 1002 2351 Ad
1013 2306 1150 2370 aegrum

154 2384 302 2452 medicus
325 2397 484 2468 venerat,
508 2383 687 2452 secandum
709 2385 833 2452 vulnus
854 2386 1010 2468 videbat,
1034 2381 1092 2448 sed
1108 2381 1150 2446 de

155 2487 320 2573 patientia
344 2487 439 2571 aegri
460 2485 646 2552 dubitabat.
689 2483 875 2551 Abscondit
903 2485 1007 2570 igitur
1027 2483 1154 2548 ferrum
1267 2509 1268 2524 Ι

154 2583 352 2650 medicinale
375 2582 437 2651 sub
459 2592 569 2668 veste,
600 2582 689 2672 quod
714 2584 867 2651 eductum
890 2584 999 2650 subito
1020 2583 1097 2648 fixit
1118 2584 1153 2646 in

155 2681 315 2769 vulnere,
336 2694 374 2751 ut
396 2693 565 2751 secantem
587 2685 740 2770 gladium
762 2687 901 2751 sentiret
922 2705 1035 2770 aeger,
1059 2692 1150 2771 ante·
1267 2703 1268 2712 ¹

156 2806 257 2871 quarn
268 2794 433 2867 cerneret,
457 2809 500 2851 ne
513 2787 541 2850 si
554 2794 633 2851 ante
645 2795 807 2868 cerneret,
830 2785 956 2850 sentire
969 2789 1151 2849 recusaret.

493 2992 707 3062 CAPUT
749 2993 826 3057 ΙΙΙ..

276 3130 452 3197 Quomodo
476 3103 690 3184 admonendi
714 3128 806 3182 loeti
833 3133 864 3182 et
888 3127 1026 3180 tristes.

217 3261 324 3330 Aliter
346 3261 546 3330 admonendi
568 3275 645 3331 sunt
661 3263 762 3347 laeti,
789 3274 890 3350 atque
908 3261 1007 3334 aliter
1028 3263 1153 3327 tristes.

154 3361 270 3444 Laetis
291 3361 444 3430 videlicet
465 3361 641 3430 inferenda
663 3371 742 3430 sunt
763 3363 874 3428 tristia
897 3383 984 3449 quae
1006 3377 1154 3446 sequun·

47 3535 50 3542 ,
154 3469 211 3528 tur
233 3483 276 3527 ex
299 3461 484 3550 supplici03
505 3462 657 3529 tristibus
673 3484 753 3529 vero
766 3459 943 3528 inferenda
956 3468 1034 3526 sunt
1048 3457 1155 3540 laete,

165 3729 167 3734 ¹
193 3701 213 3763 ¹)
230 3699 256 3756 2.
274 3700 338 3768 Reg.
358 3699 402 3769 12,
421 3701 447 3755 4.
464 3699 488 3755 5.
507 3705 554 3753 etc.
