2554 4172
562 185 767 249 ..63-

166 354 307 412 uruntur.
352 345 451 414 Unde
480 371 617 416 necesso
640 359 709 434 est,
737 360 775 417 ut
797 362 1018 438 exasperatus
1041 365 1160 439 rector,

166 468 238 513 cum
251 444 458 514 subditorum
471 458 612 514 mentem
624 447 702 535 plus
717 472 818 536 quam
835 449 952 516 debuit
973 473 1009 516 se
1023 475 1160 538 percus·

128 545 132 552 ’
166 547 248 611 sisse
271 545 479 629 considerat,
509 547 599 632 apud
628 569 663 613 se
693 571 821 636 semper
851 549 895 615 ad
922 553 1161 637 poenitentiam

164 652 333 729 recurrat,
357 655 394 712 ut
414 667 474 731 per
494 645 639 713 lamenta
660 649 793 714 veniam
814 649 849 713 in
871 661 1050 736 conspectu
1072 652 1160 716 vari·-

162 743 243 809 tatis
266 744 432 827 obtineat,
456 767 498 808 ex
519 766 556 810 eo
579 747 698 829 etiam,
722 747 810 833 quod
830 770 892 833 per
914 748 976 812 zeli
996 750 1071 835 ejus
1091 759 1159 816 stu·

164 842 254 908 dium
275 855 400 931 peccat.
445 843 543 924 Quod
571 847 714 930 figurate
742 847 907 914 Dominus
935 871 995 936 per
1018 848 1160 936 Moysen

164 944 346 1030 praecipit,
371 941 502 1009 dicens:
538 943 580 1009 Si
609 947 700 1029 quis
729 946 883 1012 abierit
911 970 998 1013 cum
1028 949 1161 1016 amico

166 1065 239 1108 suo
281 1041 538 1127 simpliciter
571 1047 612 1110 in
646 1045 798 1112 silvam
831 1047 881 1111 ad
917 1046 1039 1131 ligna
1072 1069 1159 1112 cae·

164 1140 314 1222 denda,
350 1153 389 1207 et
422 1142 581 1226 lignum
617 1147 781 1212 securis
821 1147 990 1230 fugerit
1023 1167 1156 1227 manu,

161 1238 412 1326 ferrumque
445 1240 610 1326 lapsum
633 1244 690 1308 ‘de
722 1245 941 1310 manubrio
985 1245 1159 1310 amicum

164 1341 254 1425 ejus
275 1343 539 1426 percusserit
560 1350 599 1405 et
620 1341 847 1424 occiderit;
877 1343 944 1408 hic
964 1342 1158 1408 adunam

163 1439 504 1525 supradictarum
527 1440 688 1507 urbium
708 1441 863 1526 fugiet,
888 1452 929 1507 et
949 1444 1084 1522 vivet,
1110 1463 1157 1506 ue

161 1535 274 1602 forte
296 1541 508 1623 proximus
531 1542 633 1626 ejuS,
656 1541 777 1626 cujus
801 1540 964 1606 effusus
988 1551 1049 1606 est
1069 1564 1156 1607 aan-

163 1637 274 1719 guis,
315 1637 478 1704 doloris
508 1635 674 1703 stimulo
706 1648 994 1723 persequatur
1023 1649 1061 1703 et
1089 1660 1155 1726 ap·

164 1736 402 1824 prehendat
420 1759 516 1819 eum,
537 1738 809 1822 etpercutiat
827 1737 1002 1802 animam
1018 1735 1158 1824 ejus.²)

162 1833 216 1900 Ad
237 1834 357 1901 silvam
379 1837 504 1922 quippe
526 1858 599 1902 cum
621 1837 724 1900 amico
746 1836 847 1917 imus,
883 1835 1012 1921 quoties
1038 1833 1083 1896 ad
1104 1836 1158 1902 in·

162 1932 288 1998 tuenda
310 1932 516 2001 subditorum
546 1933 666 2000 delicta
688 1936 919 2000 convertimur.
963 1934 1008 1999 Et
1027 1931 1159 2018 simpli·

129 2083 135 2098 .
162 2032 244 2097 citer
266 2031 360 2117 ligna
382 2033 595 2116 succidimus,
619 2056 693 2101 cum
715 2032 985 2120 delinquentium.
997 2033 1079 2098 vitia
1100 2031 1158 2116 pia

161 2133 344 2199 intentione
366 2155 563 2200 resecamus.
607 2133 673 2199 Sed
695 2135 823 2200 securis
839 2154 940 2198 manu
954 2131 1059 2215 fugit,
1082 2149 1154 2196 cum

162 2251 235 2296 sese
256 2233 441 2319 increpatio
462 2231 558 2318 plus,
594 2253 695 2318 quam
716 2253 853 2298 necesse
875 2242 944 2313 cst,
972 2231 1008 2296 in
1030 2228 1154 2316 asperi·

161 2338 263 2395 tatem
288 2329 462 2417 pertrahit
507 2331 714 2416 Ferrumque
743 2329 784 2394 de
813 2329 990 2397 manubrio
1018 2326 1156 2416 prosilit,

162 2449 237 2492 cum
259 2428 301 2492 de
322 2429 529 2516 correptione
552 2451 657 2494 sermo
680 2429 794 2495 durior
825 2428 964 2494 excedit.
1008 2429 1053 2496 Et
1073 2426 1155 2495 ami·

161 2549 236 2594 curn
256 2530 401 2615 percutit
422 2538 456 2593 et
482 2526 623 2610 occidit,
654 2529 733 2615 quia
756 2528 939 2596 auditorem
961 2549 1058 2594 auum
1079 2547 1155 2614 pro·

159 2626 232 2694 leta
252 2627 453 2693 contumelia
472 2650 493 2693 a
516 2627 635 2714 spiritu
660 2625 850 2694 dilectionis
871 2626 1035 2693 interficit·
1074 2624 1156 2692 Cor·

160 2727 249 2816 rapti
276 2748 421 2814 namque
455 2749 548 2794 mens
575 2735 713 2812 repente
741 2726 785 2794 ad
812 2727 921 2792 odium
949 2727 1096 2814 proruit,
1127 2726 1157 2790 si

162 2825 251 2894 hanc
272 2825 487 2892 immoderate
507 2826 693 2911 increpatio
702 2825 782 2912 plus
802 2847 904 2912 quam
924 2825 1040 2891 debuit
1061 2821 1156 2890 eddi·

160 2923 215 2990 cit
259 2922 326 2990 Sed
346 2925 388 3008 is,
411 2925 471 3010 qui
486 2925 621 2992 incaute
636 2924 729 3010 ligna
752 2926 898 3012 percutit
918 2935 951 2992 et
968 2926 1165 3012 proximum.

162 3024 350 3108 extinguit,
383 3023 429 3090 ad
452 3032 522 3090 tres
542 3045 678 3091 necesse
707 3033 757 3090 est
777 3024 881 3091 urbes
901 3024 1028 3109 fugiat,
1062 3033 1100 3090 ut
1119 3023 1155 3088 iu

160 3145 228 3190 una
252 3145 366 3188 earum
388 3122 545 3190 defensus
566 3125 676 3207 vivat3
706 3125 837 3211 quiesi
859 3122 903 3190 ad
929 3125 1168 3216 poenitentiae-

160 3222 307 3289 lamen'ta
318 3245 502 3290 conversus
513 3223 549 3289 iu
564 3225 692 3291 unitate
710 3225 910 3289 sacramenti
922 3222 985 3290 sub
999 3221 1026 3312 2)
1049 3244 1109 3310 spe
1121 3233 1167 3292 et
1188 3288 1191 3293 ,

159 3325 300 3389 caritate
323 3321 558 3407 absconditur,
588 3345 667 3389 reus
687 3323 873 3409 perpetrati
899 3321 1068 3388 homicidii
1087 3344 1157 3389 non

160 3431 300 3487 tenetur.
346 3421 499 3509 Eumque
525 3422 665 3487 extincti
693 3422 881 3510 proximus,
912 3431 945 3486 et
967 3445 1041 3489 cum
1060 3421 1156 3488 inve·

195 3632 213 3694 ¹)
232 3633 308 3686 Dect.
327 3634 367 3703 19,
387 3635 410 3690 5.
428 3633 454 3690 6.
475 3665 504 3674 -
526 3633 546 3695 ²)
565 3633 629 3688 Alit.
647 3632 707 3703 Spe,
727 3632 778 3688 fida
795 3640 820 3688 et
837 3634 952 3688 caritate.
1009 3661 1031 3700 ,·
