2554 4172
567 164 867 230 -ilS—-'

173 334 263 402 anim
285 333 436 417 pociori
459 355 518 401 suo
539 331 717 416 parietem,
744 328 801 399 sed
823 330 943 406 ostium
960 331 1054 418 petit,
1081 332 1182 418 quod

173 429 334 505 „videlicet
357 432 509 519 aperitur
531 441 565 494 et
586 428 760 499 clauditur.
793 427 947 495 Unde-et
961 429 1058 496 nobis
1073 439 1182 515 caute

171 527 374 601 discendum
403 539 469 614 est,
505 539 671 614 quatenns
700 549 737 595 os
767 525 947 614 discretum
970 540 1003 614 et
1025 520 1180 618 coqgruo

175 638 324 715 tempore
346 630 563 717 roxaperiat,
583 638 616 692 et
637 650 769 698 rursum
791 649 937 711 congruo
959 629 1182 712 taciturnitas

175 725 321 799 claudat
577 785 580 790 -
881 807 883 810 ,
967 758 983 804 .·
1067 802 1070 811 .

232 828 286 896 ‚At
306 837 422 904 contra
441 823 643 896 admonendi
666 838 743 896 sunt
769 827 977 914 multiloquio
998 835 1180 912 vacantes,

174 935 215 995 ut
235 927 417 1012 vigilanter
438 925 606 1010 aspicient
612 975 622 1008 ‚
652 950 672 992 a
695 937 820 1014 quanto
849 925 1066 1013 rectitudinis
1081 933 1176 996 statu

175 1025 379 1115 depereunt,
409 1023 489 1091 dum
516 1019 577 1112 per
604 1026 803 1112 multiplicia
832 1025 939 1092 verba
968 1025 1177 1110 dilabuntur.

173 1126 331 1199 Humana
359 1124 480 1190 etenim
509 1146 603 1207 meus
630 1134 739 1211 aquae
768 1149 859 1192 more
888 1125 1107 1196 circumclusa
1126 1122 1180 1210 ad

174 1224 346 1311 superiora
368 1220 547 1308 colligitur,
572 1225 651 1310 quia
671 1223 759 1306 illud
774 1229 909 1312 repetit,
931 1226 1020 1293 unde
1034 1226 1178 1300 descen·

176 1322 239 1404 dit,
263 1331 296 1386 et
315 1319 472 1398 relaxata
493 1321 639 1410 deperit,
668 1325 748 1410 quia
771 1347 806 1390 se
829 1346 891 1410 per
913 1325 1026 1397 infima
1047 1322 1175 1400 inutili-

174 1431 225 1489 ¹ter
247 1420 385 1506 spargit.
429 1421 517 1503 ¹Quot
540 1423 626 1488 enim
650 1424 870 1512 supervacuis
892 1422 1005 1490 verbis
1028 1445 1049 1486 a
1071 1421 1178 1503 silen-

174 1521 214 1593 tii
234 1519 289 1587 sui
310 1541 453 1596 censura
475 1521 676 1608 dissipatur,
708 1521 806 1608 quasi
833 1533 882 1595 tot
910 1523 993 1592 rivis
1015 1532 1112 1594 extra
1132 1545 1174 1593 ae

174 1619 317 1699 ducitur,
360 1619 460 1686 Unde
486 1632 521 1686 et
549 1620 660 1690 redire
687 1623 829 1691 interius
859 1620 903 1695 ad
932 1624 985 1699 sui
1008 1622 1172 1709 cognitio·

172 1741 247 1794 nem
266 1741 333 1785 non
355 1719 494 1802 sufficit,
529 1723 609 1808 quia
636 1744 697 1806 per
722 1721 970 1808 multiloquium
1000 1745 1122 1808 sparsa
1146 1745 1171 1790 a

172 1828 298 1888 secreto
322 1841 358 1886 se
380 1820 517 1889 intimae
543 1821 819 1888 considerationis
848 1821 1007 1889 excludit.
1053 1823 1172 1898 Totam

171 1939 251 1985 vero
273 1940 309 1982 se
332 1919 527 1986 insidiantis
555 1920 662 1988 hostis
695 1919 892 1991 vulneribus
916 1920 1057 2006 detegit,
1092 1923 1174 2010 quia

170 2015 259 2093 trulla
281 2020 467 2086 munitione
491 2020 661 2092 custodiae
684 2019 926 2088 circumcludit.
968 2021 1067 2086 Unde
1090 2022 1172 2088 sori·

170 2125 353 2200 ptum-ests
385 2121 503 2187 Sicut
533 2117 632 2187 urbs
661 2130 815 2205 patens
846 2133 885 2184 et
906 2117 1065 2205 absque
1086 2143 1168 2186 mu·

169 2239 305 2285 rorum
335 2219 517 2298 ambitu,
548 2221 605 2285 ita
635 2223 717 2300 vii,
749 2220 821 2304 qui
850 2242 927 2285 non
957 2227 1101 2305 potest
1122 2217 1168 2282 in

170 2315 387 2401 loquendo
411 2317 614 2384 cohibere
639 2320 831 2402 spiritum
856 2337 978 2382 suum.
1006 2313 1031 2402 ¹)
1074 2313 1169 2396 Quia

171 2414 256 2480 enim
280 2439 409 2482 murum
432 2418 558 2484 silentii
580 2441 646 2484 non
669 2415 791 2498 habet,
814 2429 908 2504 patet
930 2416 1053 2486 inimici
1070 2417 1169 2502 jacu-

168 2513 209 2580 lis
232 2516 352 2582 civitas
374 2519 506 2595 mentis,
532 2527 564 2581 et
586 2539 659 2582 cum
677 2540 711 2584 se
729 2537 791 2598 per
808 2515 912 2607 verba
932 2527 1030 2582 extra
1048 2524 1168 2590 semet·

169 2616 276 2700 ipsam
300 2616 408 2698 ejicit,
433 2626 585 2698 apertam
607 2638 641 2684 ee
660 2615 850 2682 edversario
869 2615 1025 2692 ostendit.
1057 2615 1165 2696 Quam

168 2723 261 2782 tento
284 2714 437 2794 illesiue
459 2714 576 2780 labore
600 2726 748 2800 superat,
772 2727 899 2802 quanto
917 2726 950 2782 et
967 2718 1055 2803 ipsa,
1079 2736 1164 2804 quae

168 2814 324 2895 vincitur,
343 2823 458 2880 contra
473 2815 684 2901 semetipsam
694 2837 754 2902 per
767 2815 1013 2902 multiloquium
1026 2823 1167 2902 pugnat.

232 2913 437 3000 Plerumque
459 2926 587 2994 autem,
611 2915 690 3000 quia
711 2936 771 3000 per
794 2915 953 3002 quosdam
969 2913 1094 2999 gradus
1111 2912 1167 2976 de.
1256 2997 1257 3008 2

169 3013 296 3080 sidicsa
318 3034 410 3078 mens
432 3013 468 3079 in
490 3012 621 3098 lapsum
637 3037 734 3082 casus
749 3013 939 3102 impellitur,
964 3012 1041 3078 dum
1058 3015 1165 3078 otiosa

169 3135 288 3188 cavere
309 3111 653 3198 verbanegligimus,
676 3114 719 3178 ad
741 3115 843 3179 noxia
865 3115 1095 3199 pervenimus:
1127 3121 1171 3176 ut

168 3214 263 3298 prius
285 3213 378 3297 loqui
393 3213 513 3278 valiena
536 3213 660 3296 libeat,
683 3211 888 3299 postmodum
901 3208 1166 3286 detractionibus

169 3333 283 3377 eorum
305 3312 425 3395 vitam,
449 3313 490 3378 de
513 3311 635 3399 quibus
657 3312 805 3398 loquitur
817 3362 827 3394 ‚
851 3311 1018 3396 mordeat,
1042 3309 1086 3376 ad
1104 3331 1164 3374 ex·

167 3419 308 3477 tremum
334 3431 413 3476 vero
443 3411 616 3502 usquead
649 3421 784 3498 apertas
806 3408 923 3500 lingua
946 3407 1167 3484 contumelias

165 3545 453 3576 αρυ--ι-ι--ιι--ψ-

201 3625 221 3687 ¹)
238 3621 462 3694 mortemue..
496 3579 499 3586 ⁴
