2556 4150
570 193 774 258 ..20-

524 383 812 450 cururrm
863 348 866 354 ’

172 541 269 609 Quod
299 553 390 592 mens
421 552 597 608 praeesse
630 538 826 592 volentium
857 540 1065 610 plerumque
1098 541 1171 596 sibi

226 619 314 678 licta
336 625 495 678 bonorum
519 637 650 691 operum
675 625 903 692 promissione
932 625 1116 681 blanditur.

235 758 302 828 Sed
330 759 527 848 plerumque
549 759 599 842 hi,
630 761 688 846 qui
719 758 829 825 subire
857 762 1086 845 magisterium
1107 785 1167 852 pa·

171 860 293 926 storalc
315 861 471 947 cupiunt,
493 858 655 925 nonnulla
678 881 809 948 quoque
831 859 920 927 bono
941 884 1042 946 opera
1056 862 1166 928 animo

169 968 376 1048 proponunt;
405 967 439 1022 et
463 961 614 1044 quamvis
635 960 697 1025 hoc
723 960 880 1028 elationis
901 962 1084 1028 intentione
1107 984 1166 1049 ap·

169 1069 302 1146 petant,
323 1065 520 1146 operaturos
542 1065 654 1124 tamen
678 1082 712 1124 se
731 1082 853 1147 magna
869 1057 1092 1148 peitractant3
1113 1061 1166 1125 fit·

171 1180 254 1245 que,
290 1167 329 1222 ut
357 1154 451 1221 aliud
484 1156 519 1222 in
549 1158 622 1223 imis
649 1160 787 1224 intentio
825 1161 1028 1246 supprimat,
1072 1158 1167 1224 aliud

169 1259 344 1324 tractantis
380 1257 491 1321 animo
534 1258 727 1342 superficies
758 1261 969 1342 cogitationis
1001 1258 1165 1325 ostendat

168 1357 254 1422 Nam
277 1377 377 1442 saepe
400 1355 466 1421 sibi
489 1355 530 1422 de
553 1377 588 1422 se
609 1378 703 1422 meus
725 1357 799 1443 ipsa
821 1359 990 1437 mentitur,
1013 1367 1046 1422 et
1067 1358 1166 1444 fingit

166 1479 202 1522 se
225 1454 375 1522 debono
397 1477 499 1542 opere
521 1477 651 1536 amare,
676 1455 764 1542 quod
779 1478 845 1521 non
861 1466 966 1539 amat,
990 1455 1030 1520 de
1049 1456 1166 1524 mundi

162 1564 278 1620 autem
300 1553 411 1640 gloria
438 1578 506 1621 non
537 1575 667 1636 amare,
699 1551 787 1638 quod
817 1565 921 1620 amat:
954 1575 1042 1638 quae
1070 1558 1165 1641 prin·

161 1654 273 1742 cipari
296 1664 459 1742 appetens
481 1653 518 1718 fit
539 1653 583 1719 ad
604 1652 667 1718 hoc
690 1653 814 1740 pavida
837 1675 910 1719 oum
930 1654 1076 1739 quaerit,
1107 1677 1165 1721 au·

85 1836 91 1844 .
162 1754 235 1819 dax
256 1776 331 1819 oum
352 1755 553 1840 pervenerit
598 1751 756 1818 Tendens·
778 1752 882 1834 enim,
921 1774 962 1818 ne
991 1775 1059 1818 non
1088 1775 1163 1837 per-

165 1854 297 1934 veniat,
329 1851 486 1939 trepidat3
518 1850 577 1918 sed
605 1862 743 1940 repente
771 1852 975 1938 perveniens
995 1852 1075 1936 jure
1098 1850 1166 1917 sibi

163 1949 230 2017 hoc
251 1951 416 2033 debitum,
449 1950 494 2016 ad
517 1952 606 2039 quod
627 1952 836 2038 pervenerit,
863 1959 967 2038 putat.
1012 1949 1164 2036 Cumque

162 2052 316 2137 percepti
337 2053 548 2136 principatus
578 2049 687 2118 officio
708 2049 837 2136 perfrui
864 2047 1062 2115 seculariter
1089 2069 1164 2113 coe-

160 2152 268 2239 perit,
291 2149 434 2216 libenter
457 2149 684 2230 obliviscitur,
709 2147 875 2236 quidquid
896 2148 1055 2231 religiose
1072 2149 1161 2232 cogi·

159 2252 256 2315 tavit.
301 2249 400 2316 Unde
430 2272 567 2315 necesse
597 2260 663 2330 est,
697 2257 734 2314 ut
765 2241 1026 2331 cum'cogitatio
1066 2254 1164 2310 extra

161 2371 260 2414 usum
274 2349 416 2430 ducitur,
440 2350 595 2434 protinus
611 2347 730 2411 mentis
746 2345 862 2410 oculus
878 2344 922 2409 ad
936 2367 1038 2432 opera
1053 2355 1163 2410 trans-

158 2457 237 2512 acta
264 2456 455 2529 revocetur,
487 2468 528 2512 ac
548 2455 667 2533 penset
691 2445 853 2530 quisque,
885 2443 968 2530 quid
990 2444 1163 2530 subjectus

160 2545 280 2629 egerit,
305 2555 338 2610 et
352 2555 492 2631 repente
510 2544 692 2628 cognoscit,
716 2543 745 2610 si
759 2543 931 2630 praelatus
944 2542 1034 2610 bona
1048 2565 1162 2628 agere,

160 2666 250 2732 qnae
274 2645 505 2745 pqoposuerit,
527 2643 649 2729 possit3
676 2643 756 2729 quia
777 2664 993 2731 nequequam
1015 2642 1106 2708 valet
1127 2643 1165 2709 in

159 2743 312 2810 eulminc‘
331 2743 554 2810 humilitatem
572 2742 719 2825 discere,
744 2743 849 2830 quiin
863 2743 938 2808 imis
955 2744 1083 2829 positus
1096 2764 1164 2807 nou

162 2841 265 2908 desiit
286 2840 470 2924 superbire.
514 2841 628 2907 Nescit
642 2840 799 2924 'taudem
828 2864 902 2908 cum
924 2842 1089 2927 suppetit,
1110 2841 1164 2905 fu·

160 2962 260 3026 gere,
292 2940 351 3029 qui
373 2940 526 3014 adhane
554 2938 685 3022 didicit,
718 2962 794 3006 eum
816 2939 962 3022 deesset,
994 2937 1163 3006 anhelare.

162 3039 385 3127 Nequaquam
415 3038 552 3105 vincere
582 3040 761 3106 avaritiam
790 3048 918 3126 potest,
954 3038 1088 3126 quando
1119 3036 1164 3103 ad

161 3137 342 3205 multorum
364 3139 642 3206 sustentationem
668 3137 819 3205 tenditur
845 3138 890 3221 is,
924 3139 980 3204 cui
1009 3139 1165 3205 sufficere

161 3235 299 3324 propria
326 3257 389 3302 nec
412 3235 476 3302 soli
497 3245 686 3324 potuerunt.
730 3236 786 3302 Ex
807 3245 964 3304 anteacta
991 3259 1070 3324 ergo
1092 3237 1164 3302 vita

159 3357 197 3400 ae
214 3336 357 3420 quisque
374 3335 537 3418 inveniat,
561 3357 602 3400 ne
613 3336 649 3402 in
663 3337 816 3423 appetitu
831 3359 867 3402 se
879 3337 1036 3404 culminis
1051 3337 1164 3420 imago

160 3435 377 3519 cogitationis
396 3431 522 3499 illudat.
566 3433 728 3514 Quamvis
749 3435 944 3525 plerumque
965 3437 1001 3501 in
1020 3455 1162 3522 occupa·

160 3530 251 3600 tione
277 3533 449 3621 regiminis
477 3533 552 3622 ipse
581 3553 715 3621 quoquc
745 3534 824 3601 boni
852 3535 962 3622 operis
983 3522 1065 3600 uisus
1086 3553 1165 3620 per·

160 3629 269 3716 ditur,
298 3635 357 3722 qui
384 3634 419 3700 in
442 3631 688 3720 tranquillitate
717 3631 910 3714 tenebatur,
940 3633 1020 3719 quia
1050 3633 1164 3721 quieto
