2554 4172
541 189 748 255 ,79-

134 365 201 432 ulia
218 362 389 442 nesciunt,
419 382 462 424 ex
484 354 673 445 praesentis
702 357 794 422 vitae
822 355 1035 422 abundantia
1060 378 1136 422 oon·

140 464 302 531 solantur.
347 456 532 525 Offerenda
560 466 611 521 est
640 476 721 539 ergo
744 457 792 522 eis
820 454 1020 538 consolatio,
1054 477 1138 541 quos

140 563 290 629 caminus
313 557 534 648 pauperitatis
557 554 731 642 excoquit3
766 562 867 641 atque
893 554 958 620 illis
990 553 1137 620 inferen-

138 662 203 728 dus
224 671 274 726 est
294 662 408 741 timor,
433 679 515 744 quos
534 653 717 720 consolatio
733 652 860 738 gloriae
878 653 1066 741 temporalis
1078 675 1137 718 ex-

137 762 239 845 tollit;
273 768 311 824 ut
338 769 371 823 et
397 756 449 822 illi
479 755 628 835 discant,
662 752 743 840 quia
771 753 921 835 divitias,
956 773 1041 840 quas
1069 776 1137 820 non

138 860 367 948 conspiciunt,
391 854 579 942 possident3
602 865 635 917 et
657 853 714 918 isti
732 865 947 937 cognoscant,
972 853 1051 939 quia
1066 873 1136 933 eas,

141 985 225 1049 quas
247 957 473 1045 conspiciunt,
498 975 713 1040 nequaquam
732 962 846 1017 tenere
867 960 1015 1039 possunt.
1059 950 1137 1015 Ple-

28 1083 33 1094 ·
136 1080 282 1145 rumque
303 1067 415 1121 tamen
437 1074 658 1140 personarum
689 1053 837 1118 ordinem
857 1060 1025 1138 permutat
1055 1072 1136 1137 qua·

134 1159 215 1225 litas
236 1177 383 1236 morum,
406 1163 444 1218 ut
468 1153 512 1217 sit
528 1151 620 1218 dives
632 1150 769 1218 humilis
777 1202 787 1236 ,
810 1153 853 1217 sit
869 1174 999 1240 pauper
1018 1149 1136 1216 elatus.
1214 1222 1216 1226 ,

140 1256 240 1322 Unde
264 1277 341 1320 mox
362 1251 589 1340 praedicantia
611 1250 730 1336 lingua
751 1274 826 1316 oum
846 1251 1014 1317 audientis
1037 1249 1137 1314 debet

139 1357 209 1425 vita
231 1354 397 1440 componi3
419 1362 457 1416 ut
478 1360 570 1416 tanto
593 1351 775 1416 districtius
796 1352 831 1416 in
852 1373 1002 1438 paupere
1021 1349 1137 1416 elatio·

139 1477 215 1520 nem
237 1452 355 1534 feriat,
388 1460 513 1538 quanto
537 1472 610 1516 eam
632 1473 694 1517 nec
714 1449 809 1515 illata
838 1460 1021 1538 paupertas
1043 1449 1137 1516 incli-

136 1565 216 1636 nat,
252 1560 285 1617 et
311 1561 403 1617 tanto
434 1550 544 1615 lenius
570 1547 789 1616 humilitatem
818 1549 959 1616 divitum
980 1550 1137 1632 mulceat,

138 1662 264 1739 quanto
288 1674 344 1716 eos
367 1673 429 1715 neo
447 1648 674 1731 abundantia,
698 1671 787 1736 quae
806 1650 975 1732 sublevat,
999 1648 1136 1714 exaltat.

200 1753 451 1837 Nonnunquam
472 1760 585 1814 tamen
608 1750 708 1815 etiam
726 1748 889 1836 superbus
908 1749 1001 1814 dives
1019 1746 1137 1812 exhor-

137 1852 275 1918 tationis
297 1847 527 1913 blandimento
548 1846 733 1934 placandus
752 1858 821 1930 est,
844 1850 926 1935 quia
942 1859 975 1914 et
991 1845 1137 1935 plerum·

102 2016 105 2022 ,
137 1971 208 2038 que
231 1947 316 2014 dura
339 1946 481 2012 vulnera
503 1968 563 2034 per
591 1945 682 2011 lenia
703 1946 849 2012 fomenta
871 1947 1082 2025 mollescunt,
1106 1954 1139 2011 et

136 2049 233 2114 furor
255 2047 447 2110 insanorum
471 2066 571 2130 saepe
590 2044 633 2110 ad
649 2044 788 2111 salutem
798 2045 925 2112 medico
943 2044 1138 2112 blandiente

55 2219 65 2240 .
137 2146 326 2227 reducitur3
359 2164 500 2230 eumque
523 2145 628 2209 eisin
651 2143 825 2210 dulcedine
847 2143 1139 2225 condescenditur,

135 2246 281 2332 languor
304 2242 456 2310 insaniae
478 2243 659 2327 mitigatur.
693 2243 811 2330 Neque
830 2245 918 2310 enim
933 2242 1141 2328 negligenter

137 2344 335 2412 intuendum
359 2355 427 2425 est,
453 2341 636 2428 quodcum
659 2343 792 2410 Saulem
815 2346 953 2432 spiritus
975 2341 1139 2407 adversus

138 2444 333 2524 invaderet,
357 2442 570 2530 apprehensa
590 2442 703 2508 David
726 2443 854 2510 cithara
876 2446 949 2531 ejus
965 2443 1139 2509 vesaniam

138 2540 287 2610 sedabat.
315 2543 340 2629 ¹)
386 2540 478 2621 Quid
501 2543 587 2608 enim
608 2567 670 2632 por
692 2543 846 2628 Saulem,
867 2545 933 2610 nisi
956 2542 1058 2609 elatio
1077 2565 1137 2630 po·

136 2651 282 2726 tentum,
313 2651 348 2707 et
375 2640 456 2727 quid
482 2664 542 2728 per
565 2643 683 2709 David
704 2645 872 2726 innuitur,
906 2645 974 2711 nisi
1004 2641 1137 2706 humilis

135 2742 208 2808 vita
231 2739 452 2807 Sanctorum?
491 2740 574 2806 Cum
596 2766 676 2829 ergo
700 2743 783 2810 Saul
813 2742 856 2810 ab
877 2740 1047 2808 immundo
1071 2741 1137 2829 spi·

134 2843 204 2906 ritu
226 2841 407 2928 arripitur,
441 2839 556 2907 David
576 2853 718 2909 canente
747 2845 820 2931 ejus
849 2843 990 2908 vesania
1012 2849 1139 2928 tempe·

136 2947 248 3021 ratur,
282 2940 362 3026 quia
384 2962 458 3005 oum
480 2963 599 3008 sensus
620 2950 794 3029 potentum
822 2963 882 3027 per
904 2940 1080 3006 elationem
1103 2940 1139 3006 iu

134 3035 283 3101 furorem
306 3039 465 3122 vertitur,
491 3040 630 3126 dignum
646 3049 722 3132 pest,
754 3049 793 3105 ut
813 3038 857 3105 ad
882 3039 1024 3105 salntem
1046 3061 1137 3107 men·

135 3135 183 3200 tis
207 3135 305 3220 quasi
325 3135 498 3205 dulcedine
520 3139 670 3206 citharas
692 3138 870 3206 locutionis
893 3148 1025 3206 nostrae
1045 3149 1136 3204 tran·

137 3230 307 3322 quillitate
339 3249 522 3304 revocetur.
566 3238 762 3325 Aliquando
790 3248 901 3305 antem
927 3262 1002 3306 oum
1034 3237 1137 3326 hujus

137 3331 246 3400 seculi
268 3325 424 3420 potantes
450 3346 653 3424 arguuntur,
686 3339 781 3426 prius
809 3361 871 3424 per
898 3337 1061 3426 quasdam
1092 3339 1136 3402 si·

136 3430 341 3500 militudines
364 3433 459 3502 velut
480 3437 521 3502 de
544 3437 655 3506 alieno
676 3439 810 3526 negotio
831 3435 1026 3524 requirendi
1044 3447 1136 3519 sunt;

174 3662 193 3725 ⁸)
212 3659 236 3714 l·
255 3661 319 3731 Bag.
339 3663 389 3731 18,
409 3666 451 3721 10.
