2554 4172
502 223 545 244 ...
585 191 738 262 ΙΜ-

118 377 220 448 quarn
239 356 377 441 Petrus,
412 379 487 424 auur
507 359 649 426 diceret:
679 359 926 428 Ministrate
958 363 1001 426 ia
1027 359 1113 426 fide

118 467 268 524 vestra
287 459 509 539 virtutem,
537 458 578 524 iu
602 457 770 522 virtute
798 466 947 522 autent
976 458 1115 524 suisa<

118 555 227 640 tiam,
249 557 291 622 ia
308 557 636 624 seientiaautem
656 553 1013 643 abstinentiam¹);
1034 551 1123 643 pro-r

116 657 209 722 tibus
230 654 414 741 vigilanter
435 655 649 743 adjungeret,
673 653 803 720 disens:
828 655 878 720 Iu
897 653 1120 721 abstinen-

118 755 177 820 tia
206 766 346 823 autem
374 755 639 842 patientiam.
661 752 688 841 ²)
738 753 868 820 Deesse
896 755 1021 842 quippe
1050 751 1113 820 ab·

118 853 319 922 stinentibus
348 853 546 940 patientiam
574 851 755 940 praevidit,
789 874 878 940 quae
912 853 961 920 eis
987 863 1027 918 ut
1053 853 1112 918 ad-

118 963 225 1038 esset,
254 953 437 1022 admonuit.
487 952 633 1019 Rursum
665 952 732 1018 uisi
759 954 978 1037 cogitationes
1007 953 1113 1020 abeti-

116 1055 268 1121 aeutium
296 1071 536 1136 nonnunquam
565 1051 744 1138 superbiae
767 1051 868 1139 eulpa
887 1053 1112 1138 transfigeret,

118 1151 247 1218 Paulus
283 1152 417 1214 minime
455 1148 615 1216 dixisset:
653 1150 733 1230 Qui
766 1173 846 1217 uon
878 1152 1111 1233 mandueat,

117 1249 437 1317 manduoautenr
465 1246 735 1336 nonjudieet.
755 1246 782 1336 ³)
826 1249 896 1330 Qui
917 1271 1049 1316 rursum
1068 1251 1113 1316 ad

117 1351 202 1416 aiios
223 1347 381 1434 loquens,
411 1348 489 1413 dum
510 1348 551 1412 de
572 1347 798 1414 abstinentiae
820 1352 944 1414 virtute
965 1349 1111 1434 glorian·

116 1449 198 1514 tium
210 1457 392 1534 praesepta
403 1447 664 1533 perstringeret,
687 1446 856 1534 adjunxit:
878 1447 993 1527 Quae
1016 1459 1112 1514 suut
1153 1491 1163 1505 -

115 1543 324 1614 rationem
348 1546 518 1632 quidem
545 1544 751 1611 habentia
774 1547 1039 1632 ¹sapientiae
1068 1549 1112 1612 in

117 1645 428 1732 superstitione
451 1655 489 1710 et
510 1643 767 1727 humilitate,
791 1655 829 1710 et
848 1669 930 1712 non
952 1647 1002 1713 ad
1023 1668 1111 1734 par·

114 1742 288 1808 cendum
317 1733 504 1832 corpori,
539 1767 616 1809 non
644 1745 686 1810 in
708 1743 866 1811 honore
896 1746 1041 1835 aliquo
1064 1746 1114 1810 ad

115 1843 389 1909 saturitatem
421 1843 626 1931 earnis.‘⁸)
683 1843 760 1924 Qua
793 1846 828 1912 in
861 1867 898 1910 re
931 1847 1112 1913 notandum

114 1951 183 2024 eat,
218 1941 307 2028 quod
328 1945 363 2008 in
384 1942 609 2029 disputatione
639 1966 701 2010 sua
723 1945 935 2032 praedicatur
956 1947 1113 2032 egregius

115 2042 344 2130 superstitioni
371 2043 567 2110 humilitatis
595 2045 740 2136 speeiem
764 2047 896 2132 jungit3
933 2049 1012 2130 quia
1034 2043 1112 2110 dum

114 2139 209 2228 plus,
234 2163 334 2228 quam
356 2163 492 2210 neeesse
514 2152 575 2226 est,
597 2166 657 2230 per
678 2143 912 2216 abstinentiam
935 2165 1013 2208 aare
1027 2151 1110 2206 atte-

112 2241 216 2321 ritur,
250 2239 420 2308 humilitas
447 2243 531 2310 foris
552 2244 758 2322 ostenditur,
792 2242 849 2306 sed
880 2240 920 2303 de
950 2239 1013 2301 bae
1034 2239 1109 2320 ipsa

113 2338 302 2406 bumilitate
324 2344 470 2425 graviter
491 2340 633 2407 interius
655 2339 855 2426 superbitur.
899 2337 943 2401 Et
963 2335 1031 2400 nisi
1045 2331 1108 2397 ali·

115 2439 248 2526 quando
270 2461 362 2503 mens
378 2461 422 2502 ex
441 2439 665 2504 abstinentiae
681 2438 803 2502 virtute
818 2443 1027 2515 tumesceret,
1050 2454 1108 2500 ne·

115 2557 285 2626 quaquam
308 2535 394 2601 hane
415 2535 509 2600 velut
529 2537 617 2598 inter
632 2554 757 2619 magna
771 2534 892 2598 merita
904 2532 1111 2599 Pharisaeus

113 2656 277 2720 arrogans
300 2633 444 2698 studiose
467 2644 673 2716 numeraret,
701 2632 831 2698 disens:
861 2631 1017 2722 Jejuno
1046 2631 1110 2696 bis

114 2737 156 2798 in
189 2730 381 2800 sabbato.
402 2726 428 2818 ὂ)
471 2731 682 2799 Admonendi
710 2751 791 2816 ergo
820 2737 900 2796 sunt
928 2731 1028 2817 gulae
1053 2731 1109 2798 de·

28 2897 36 2906 ,
113 2835 193 2916 diti,
217 2831 396 2912 asinae,
421 2829 509 2916 quod
532 2851 683 2896 escarum
705 2831 921 2898 deleetatioui
939 2830 1109 2912 incubant,

112 2933 267 3000 luxuriae
290 2952 325 2996 se
346 2950 502 2996 mucrone
523 2932 740 3016 transfigant,
762 2941 796 2995 et
818 2939 947 3016 quauta
969 2929 1034 2994 sibi
1049 2951 1111 3016 per

115 3053 208 3100 esum
237 3030 442 3116 loquacitas,
474 3039 601 3116 quanta
627 3033 747 3096 mentis
775 3030 897 3096 levitas
923 3028 1109 3109 insidietur,

115 3133 294 3219 aspiciant3
319 3127 442 3193 nedum
462 3128 574 3194 ventri
594 3129 741 3196 molliter
760 3131 913 3195 serviunt
921 3179 930 3212 ‚
954 3129 1120 3195 vitiorum¹

114 3231 245 3318 laqueis
274 3227 450 3297 crudeliter
480 3228 742 3314 adstringantur.
794 3229 903 3296 Tanto
933 3231 1020 3298 enim
1040 3228 1109 3295 lon·

115 3333 191 3418 gius
213 3354 234 3397 a
256 3329 401 3396 seeundo
427 3337 569 3420 parente
599 3327 782 3409 receditur,
822 3337 948 3413 quanto
969 3349 1029 3412 per
1050 3328 1110 3392 im·

116 3489 404 3502 -n—-n———v--n-—m

151 3567 169 3631 ¹)
187 3566 213 3622 2.
232 3567 299 3620 Patr.
319 3569 342 3635 1,
361 3568 385 3623 5.
405 3596 437 3605 -
465 3565 488 3633 ²)
506 3567 532 3621 2.
550 3567 617 3619 Patr.
636 3565 660 3632 1,
677 3561 703 3620 6.
724 3593 753 3603 -
789 3563 808 3628 ³)
829 3564 900 3618 Rom.
920 3563 960 3630 14,
979 3563 1004 3618 3.
1025 3592 1055 3603 -·
1084 3563 1110 3630 ι)

183 3653 327 3722 0010812,
345 3653 387 3708 23.
408 3681 436 3692 -
459 3652 477 3715 ⁵)
496 3649 560 3708 Lue.
579 3649 620 3719 18,
640 3650 681 3708 12.
