2520 4152
517 188 742 254 ...1ssss-

136 353 260 426 danim
284 353 449 422 emisisse.
491 352 701 420 Admonendi
720 355 815 440 sunt,
848 362 886 420 ut
907 352 1134 434 considerent,
1222 347 1229 356 ’

136 452 225 541 quod
246 451 334 539 pulli
355 453 487 534 arium,
520 454 550 518 si
571 465 649 520 ente
675 449 862 540 pennardm
890 453 1138 542 perfectionem

135 551 250 620 velare
270 562 452 638 appetent,
474 552 563 618 unde
585 552 635 618 ire
654 554 690 620 in
712 553 780 618 alta
801 554 958 639 cupiunt,
994 551 1072 616 iude
1093 551 1133 619 in

134 651 203 718 ina
223 662 428 736 merguntur.
471 651 681 720 Admonendi
706 663 803 733 sunt,
836 662 874 716 ut
906 649 1130 731 considerent,

100 755 104 764 “
136 747 226 836 quod
250 751 425 816 structuris
446 749 640 816 recentibus
669 752 808 817 necdum
832 751 998 832 solidatis,
1028 750 1058 814 si
1086 750 1130 812 ti·

135 869 278 934 gnorum
300 848 432 934 pondus
455 851 702 935 superponitur,
726 873 791 918 non
806 849 1046 932 habitaculum,
1070 847 1133 914 sed

135 949 236 1014 ruina
257 949 453 1015 fabricatur.
496 948 706 1015 Admonentfi
726 959 823 1032 sunt,
846 960 884 1014 ut
902 947 1134 1028 considerent,

136 1047 227 1134 quod
248 1059 424 1136 conceptas
447 1045 578 1114 soboles
596 1047 752 1130 feminee,
776 1050 805 1113 si
822 1049 1017 1140 priusquam
1029 1045 1132 1133 plene

135 1143 335 1228 formentur,
369 1145 562 1233 proferunt,
591 1167 807 1233 nequaquem
828 1148 962 1227 domos,
996 1144 1055 1212 sed
1075 1156 1131 1210 tu·

136 1244 241 1312 mulos
262 1244 404 1332 replent.
447 1246 534 1312 Hinc
555 1255 608 1312 est
628 1247 733 1328 enim,
769 1244 858 1332 quod
878 1248 954 1333 ipsa
983 1245 1133 1328 Veritas,

136 1365 225 1430 quae
247 1355 406 1430 repente,
437 1368 520 1431 quos
549 1345 665 1424 vellet,
694 1344 856 1411 roborare
882 1345 1060 1432 potuisset3
1091 1354 1134 1409 ut

135 1442 323 1530 exemplum
346 1443 562 1528 sequentibus
586 1444 697 1527 daret,
719 1468 761 1511 ns
784 1443 971 1531 imperfecti
995 1442 1131 1531 praedi·

135 1565 213 1609 cere
240 1554 509 1630 praesumerent,
543 1553 719 1630 postquam
749 1543 848 1631 plene
877 1542 1062 1630 discipulos
1087 1542 1132 1608 de

135 1643 260 1708 virtute
281 1643 540 1730 praedicationis
569 1640 594 1729 ι)
622 1644 799 1725 instruxit,
836 1643 925 1709 illico
959 1643 1130 1730 adjunxit:

136 1743 219 1808 Vos
245 1755 381 1808 autem
400 1743 553 1818 ¹sedete
582 1745 624 1808 in
646 1744 826 1834 civitate
849 1741 1128 1830 quoadusque

134 1843 369 1908 induamini
389 1845 545 1908 virtute
566 1864 613 1906 ex
632 1842 727 1907 alto.
742 1842 770 1930 ²)
797 1843 839 1908 In
855 1843 991 1908 civitate
1004 1843 1131 1928 quippe

134 1940 361 2020 considemus,
392 1943 420 2007 si
441 1943 532 2006 intra
554 1945 715 2009 mentium
736 1955 926 2010 nostrarum
954 1965 1013 2008 uos
1035 1940 1131 2005 clau·

135 2050 204 2106 stra
235 2041 510 2126 constringimus,
547 2063 589 2106 ne
624 2043 790 2129 loquendo
820 2043 968 2108 exterius
1005 2060 1130 2122 evage-

133 2156 225 2221 mur,
249 2149 287 2203 ut
307 2163 382 2205 cum
404 2142 526 2206 virtute
549 2142 663 2208 divina
685 2141 831 2228 perfecte
845 2141 1024 2216 induimur,
1047 2146 1130 2200 tunc
1250 2147 1251 2152 ’

134 2243 234 2326 quasi
255 2262 275 2304 a
298 2240 543 2330 nobismetipsis
571 2243 663 2309 foras
693 2243 793 2306 etiarn
815 2237 897 2302 alios
923 2239 1127 2299 instruentes

133 2361 301 2406 exeamus.
352 2340 439 2406 Hinc
473 2364 534 2429 per
563 2342 736 2427 quemdam
774 2335 957 2421 sapientem
989 2328 1125 2392 dicitur:

136 2438 404 2505 Adolescens
426 2440 602 2526 loquere
623 2440 665 2502 in
686 2455 808 2501 causa
830 2442 900 2496 tun
921 2431 1006 2492 vix:
1027 2439 1068 2492 et
1090 2429 1126 2492 si

75 2555 77 2560 “
135 2537 206 2602 bis
243 2540 549 2625 interrogatus
578 2534 727 2610 fueris,
762 2528 922 2594 habeat
956 2529 1127 2594 initium

9 2707 10 2714 χ
133 2642 364 2724 responsio
394 2637 523 2722 tun-³)
565 2627 964 2714 Hincest‚quodidem
983 2626 1126 2694 Redem-

131 2747 184 2803 tor
204 2749 335 2820 noster,
361 2761 433 2804 cum
456 2739 492 2802 in
512 2731 611 2798 coelis
634 2729 677 2794 sit
698 2728 857 2810 conditor,
880 2739 915 2793 et
936 2729 1126 2794 ostensione

134 2860 216 2904 suae
237 2839 406 2924 potentiae
428 2852 558 2916 semper
580 2825 692 2894 doctor
710 2826 935 2912 Angelorum,
965 2835 1046 2893 antu
1068 2827 1126 2890 tri·

134 2937 276 3004 cennale
297 2948 426 3020 tempus
450 2933 485 2994 in
509 2939 598 2992 terra
621 2929 782 3011 magister
802 2926 912 2994 noluit
932 2926 1006 2992 fieri
1023 2924 1128 2991 bomi-

9 3047 10 3061 ³
132 3060 232 3119 num,
262 3046 300 3102 ut
323 3029 480 3098 videlieet
501 3028 731 3116 praecipitetis
753 3029 821 3092 vim
849 3027 1064 3093 saluberrimi
1084 3027 1125 3089 ti·

133 3140 234 3204 moris
267 3129 475 3212 infunderet,
509 3151 584 3196 oum
617 3129 691 3216 ipso
721 3127 839 3210 etiam,
872 3127 933 3214 qui
959 3125 1030 3192 labi
1057 3147 1128 3191 non

10 3315 11 3320 ἵ
132 3247 263 3325 posset,
295 3225 462 3316 perfectas
491 3227 581 3300 vitae
611 3227 756 3313 gratiam
784 3249 851 3294 uon
878 3226 945 3293 nisi
975 3224 1128 3312 perfeeto

10 3417 11 3428 χ
133 3345 245 3402 uetare
282 3325 501 3416 praedicaret.
552 3327 720 3414 Scriptum
760 3327 884 3414 quippe
917 3334 984 3392 est:
1031 3322 1128 3388 Oum

131 3489 418 3504 mam-...m-

168 3565 187 3624 ¹)
206 3561 271 3614 Alit.
290 3561 321 3614 de
334 3561 439 3614 virtutis
448 3559 647 3630 praedicatione.
666 3585 699 3596 -
717 3555 738 3622 ¹)
755 3554 869 3622 Lue24,
884 3553 933 3609 49:
951 3577 983 3591 -·
1002 3551 1028 3620 ⁸)
1045 3553 1130 3606 Eucti.

200 3645 249 3715 32,
270 3648 311 3705 10.
798 3675 801 3682 ·
