2520 4152
445 131 717 290 J-tso-

101 361 184 434 per
212 338 633 424 nonagintanovem
657 337 816 426 justis,
844 337 999 422 quibus
1020 361 1103 418 noa

103 463 217 528 opus
243 448 308 505 est
335 435 657 525 poeniteutia.¹)
701 433 800 516 Quod
830 436 929 504 eitius
958 461 1001 506 ex
1029 439 1101 526 ipso

104 562 176 610 ausu
195 536 390 622 oolligimus,
414 536 446 600 si
467 545 599 608 nostrae
621 535 742 602 mentis
764 534 893 623 judioia
914 559 1102 624 pensemus.

106 638 192 708 Plus
212 657 358 722 namque
387 643 511 700 terram
538 633 732 718 diligimus,
764 657 850 722 quae
881 645 957 723 post
986 638 1101 722 spinas

109 743 250 805 exarata
270 735 401 803 lruotus
422 735 545 800 uberes
566 732 730 821 producit,
753 755 850 822 quam
877 755 966 816 quae
987 734 1102 806 nullas

108 835 226 922 spinas
247 832 379 916 habuit,
402 831 462 898 sed
481 839 593 900 tamen
622 832 755 901 exculta
784 832 930 900 sterilem
956 843 1103 917 segetem

108 933 230 1020 gignit.
271 929 480 1000 Admonendi
507 941 583 999 sunt
604 940 742 1019 peooata
765 933 874 998 oaruis
895 933 1101 1018 ignorantes,

110 1055 154 1100 ne
176 1032 358 1120 superioris
369 1031 495 1096 ordinis
507 1028 706 1098 celsitudine
718 1051 754 1096 se
766 1032 885 1098 ueteris
896 1032 1101 1119 praeierant,

108 1155 185 1202 uum
203 1131 247 1196 ab
268 1129 485 1198 inferioribus
506 1137 634 1216 quantu
657 1151 692 1194 se
714 1129 833 1196 melius
854 1140 1018 1216 agantur,
1051 1132 1101 1216 ig·

75 1217 81 1228 ⁸
107 1238 241 1298 norant
289 1229 333 1296 In
365 1230 516 1294 examine
549 1250 692 1315 namque
726 1230 810 1294 recti
840 1229 965 1317 judicis
994 1238 1103 1299 mutat

109 1327 231 1394 marita
252 1326 402 1394 ordinum
424 1329 571 1412 qualitas
593 1328 769 1396 actionum.
813 1327 898 1408 Quis
920 1332 1007 1395 enim
1027 1351 1103 1396 oon·

112 1426 267 1494 sideratis
293 1426 378 1512 ipsis
405 1448 517 1492 rerum
547 1427 751 1511 imaginibus
778 1429 924 1510 nesciat,
954 1428 1043 1517 quod
1068 1429 1105 1497 iu

111 1535 236 1594 natura
246 1546 449 1612 gemmarum
458 1523 1104 1616 carbunculuspraoferaturhyacintho?

108 1624 179 1694 ,Sed
200 1633 313 1692 tamen
324 1623 471 1692 coerulei
492 1625 1103 1716 colorishyacinthuspraeforturpal·

107 1726 196 1792 lenti
224 1722 445 1807 carbunou103
474 1726 554 1812 quia
583 1733 617 1789 et
637 1724 702 1806 illi,
736 1723 825 1809 quod
854 1735 995 1792 naturae
1022 1725 1103 1794 ordo

112 1822 282 1892 subtrahit
293 1874 303 1908 ,
327 1825 456 1912 species
478 1824 609 1892 decoris
631 1823 802 1912 adjungit,
826 1834 858 1891 et
878 1823 983 1906 hunc,
1007 1845 1107 1911 quem

113 1922 276 1991 naturalis
304 1924 384 1992 ordo
407 1923 628 2012 praetulerat,
658 1923 779 1990 eoloris
809 1923 955 2011 qualitas
982 1922 1106 1990 foedat

116 2019 175 2087 sio
204 2044 282 2108 ergo
310 2024 347 2090 in
374 2022 516 2092 humano
544 2044 666 2110 genere
695 2032 728 2090 et
760 2023 896 2110 quidam
924 2023 958 2088 in
976 2022 1107 2090 meliori

115 2120 232 2191 ordine
254 2121 434 2190 deteriores
462 2132 557 2207 sunt,
587 2132 621 2189 et
643 2123 777 2209 quidam
799 2125 835 2188 in
864 2121 1017 2188 deteriori
1038 2143 1104 2188 me·

113 2221 230 2306 liores;
253 2225 333 2310 quia
353 2234 387 2289 et
408 2224 465 2288 isti
487 2234 605 2290 sortem
627 2223 768 2290 extremi
788 2221 924 2287 habitus
948 2222 1032 2287 bene
1055 2222 1105 2288 vi·

111 2320 221 2390 vendo
242 2323 503 2405 transcendunt,
535 2333 569 2390 ot
590 2321 639 2389 illi
661 2323 843 2409 superioris
870 2320 933 2388 looi
953 2320 1107 2388 meritum

114 2420 260 2490 moritus
282 2445 351 2490 non
373 2423 567 2512 exequendo
589 2423 785 2490 diminuunt

346 2563 352 2594 l
421 2621 638 2690 CAPUT
677 2621 808 2688 XXIX.

115 2774 289 2844 Quomodo
313 2774 536 2840 admonendi,
560 2776 619 2843 qui
646 2777 783 2842 peecata
806 2787 946 2842 operum
973 2772 1107 2840 lugent,

340 2864 369 2914 ot
392 2861 452 2929 qui
475 2860 589 2913 solum
616 2857 882 2926 cogitationum.

179 2993 287 3062 Aliter
315 2993 516 3062 admonendi
545 3004 641 3077 sunt,
674 2995 733 3079 qni
765 3001 903 3081 peccata
931 2990 1108 3079 deplorant

117 3117 265 3184 operum,
288 3108 389 3185 atque
411 3094 520 3177 aliter,
545 3093 603 3182 qui
613 3093 858 3178 cogitationum.
899 3089 1109 3158 Admonendi

117 3195 242 3286 quippe
265 3206 353 3281 sunt,
375 3197 435 3283 qui
455 3203 593 3282 peccata
608 3191 782 3279 deplorant
803 3207 951 3281 operum,
974 3201 1012 3258 ut
1033 3211 1108 3260 con·

117 3305 283 3364 summata
297 3296 402 3364 'mala
431 3296 580 3384 perfecta
609 3291 740 3359 diluant
767 3290 927 3374 lamenta,
956 3314 999 3357 ne
1030 3290 1108 3380 plus

114 3393 373 3482 adstringantur
392 3387 427 3462 iu
450 3391 560 3461 debito
581 3393 766 3482 perpetrati
786 3393 919 3481 operis,
942 3399 976 3458 et
996 3392 1108 3460 minus

150 3637 171 3704 ¹)
188 3636 253 3696 nuo
272 3637 313 3706 15,
332 3638 373 3694 10.
