2554 4172
577 237 618 256 -
658 203 803 301 Ῑω-

184 372 275 440 enim
296 370 436 456 gravius
456 370 675 438 intentionem
699 369 862 437 vmentium
882 391 995 438 rerum
1022 369 1197 458 tranquil-

186 471 268 540 litas
287 480 409 551 tentat,
431 481 469 537 ut
490 492 557 558 quo
579 491 647 536 non
668 481 747 538 sunt
768 469 925 552 molesta,
947 469 1195 558 qusc'tanent,

186 592 227 638 eo
248 570 359 636 minue
382 569 540 637 amabilia
560 569 655 654 fiant,
681 591 769 656 quae
786 579 919 651 vocant,
943 581 1054 657 etquo
1075 569 1194 636 deiec-
1259 637 1260 640 ,

185 679 262 737 tant
283 670 485 758 praesentia,
508 691 547 736 co
569 691 636 736 non
658 669 875 757 inquirantur
894 680 1042 736 aeterna.
1077 668 1195 735 ¹Unde

187 781 223 837 et
244 789 305 858 per
334 770 545 856 semetipsam
566 770 702 835 Veritas
723 768 881 857 loquens,
913 791 987 835 cum
1016 779 1195 834 terrenam

185 891 304 961 pacem
330 893 352 936 a
374 885 520 956 superna
542 868 784 953 distingueret,
812 877 915 956 atque
943 867 987 932 ad
1007 876 1214 934 venturam<

187 969 371 1058 discipulos
392 992 434 1034 ex
455 970 626 1056 praesenti
639 978 845 1055 provocaret,
869 969 932 1034 ait:
954 968 1104 1034 Pacem
1122 989 1193 1034 re·

186 1070 338 1157 linquo
361 1069 504 1149 vobis,
527 1091 671 1157 pacem
692 1091 820 1135 meam
842 1067 891 1134 do
913 1068 1045 1134 vobis.
1064 1065 1088 1154 ¹)
1117 1069 1192 1134 Rc·
1259 1095 1260 1098 ¹

185 1169 301 1258 linquo
325 1169 451 1234 scilicet
470 1169 717 1246 transitoriam,
740 1168 781 1234 do
803 1188 1004 1234 mansuram.
1047 1165 1084 1232 Si
1106 1190 1194 1253 ergo

186 1271 224 1338 in
246 1291 287 1334 ea
307 1291 375 1350 cor,
400 1291 485 1358 quae
509 1268 626 1334 relicta
646 1278 706 1350 cst,
727 1267 853 1353 figitur,
875 1289 1056 1354 numquam
1078 1267 1123 1332 ad
1146 1269 1190 1334 il-

185 1369 266 1452 lam,
291 1389 378 1455 quae
400 1367 513 1434 danda
535 1377 597 1450 est,
620 1368 822 1454 pervenitur.
866 1367 941 1433 Pax
964 1367 1065 1452 igitur
1086 1389 1190 1454 prae-

186 1491 266 1535 sens
287 1469 334 1532 ita
355 1466 502 1533 tenenda
520 1478 581 1550 est,
604 1478 637 1532 et
657 1478 695 1532 ut
718 1466 814 1552 diligi
826 1467 951 1533 debeat
963 1479 997 1534 et
1007 1472 1190 1553 contemni,

185 1590 229 1634 ne
253 1568 281 1632 si
294 1566 508 1646 immoderate
519 1563 679 1649 diligitur,
704 1566 878 1651 diligentis
890 1569 1021 1634 animus·
1038 1567 1188 1656 inculpa

185 1668 350 1753 capiatur.
394 1665 492 1732 Unde
515 1675 548 1730 et
569 1665 768 1733 admonendi
791 1680 869 1738 sunt
890 1671 1018 1754 pacati,
1041 1691 1083 1734 nc
1106 1667 1183 1734 dum

185 1767 286 1834 nimis
307 1765 484 1830 humanam
508 1785 622 1850 paoem
641 1765 847 1852 desiderant,
870 1792 994 1856 pravos
1016 1768 1183 1835 hominum

184 1887 295 1932 mores
315 1885 530 1952 nequaquam
550 1865 771 1952 redarguant,
799 1879 833 1934 et
853 1867 1089 1936 consentiendo
1111 1889 1188 1955 per-

185 1965 305 2044 versis,
330 1962 373 2028 ab
390 1965 534 2030 auctoris
563 1967 616 2032 sui
639 1989 674 2032 sc
696 1990 780 2056 paee
802 1968 1018 2056 disjungant,
1043 1989 1084 2034 ne
1107 1968 1189 2032 dum

184 2062 332 2131 humana
352 2065 445 2131 foras
463 2067 581 2153 jurgia
603 2075 774 2151 metuunt,
803 2069 929 2134 interni
950 2067 1091 2132 foederis
1115 2065 1190 2134 dia·

185 2165 328 2233 cissione
345 2163 372 2252 2)
393 2167 568 2234 feriantur.
612 2165 704 2246 Quid
715 2178 766 2233 est
788 2168 875 2232 enim
889 2189 957 2252 pax
978 2166 1190 2248 transitoria,

183 2266 252 2332 nisi
274 2267 439 2354 quoddam
462 2267 641 2351 vestigium
663 2267 755 2351 pacis
778 2263 960 2328 aeternae?
992 2259 1081 2337 Quid
1102 2281 1188 2343 ergo

186 2385 261 2434 csse
284 2367 469 2432 dementius
490 2375 610 2452 potest,
635 2385 735 2448 quam
748 2359 891 2441 vestigia
913 2359 947 2420 in
961 2354 1099 2444 pulvere
1121 2355 1186 2421 im·

184 2487 306 2554 pressa
336 2466 494 2552 diligere,
527 2462 586 2529 sed
608 2463 733 2548 ipsum,
771 2478 879 2542 aquo
908 2457 1071 2544 impressa
1093 2465 1187 2542 sunt,

184 2588 253 2632 non
274 2566 412 2631 amare?
446 2564 534 2628 Hinc
554 2559 668 2627 David
696 2557 773 2622 dum
795 2567 900 2623 totum
923 2579 959 2623 se
982 2555 1025 2621 ad
1045 2551 1204 2621 foedera

184 2667 281 2756 pacis
309 2664 461 2730 internae
489 2660 752 2742 constringeret,
790 2665 953 2741 testatur,
990 2653 1180 2743 quodcum

184 2765 283 2833 malis
304 2760 513 2830 concordiam
536 2780 602 2825 nou
624 2769 761 2840 teneret,
787 2755 916 2822 dicens:
944 2756 1086 2821 Nonne
1110 2754 1196 2839 (μί’

184 2875 224 2934 te
246 2863 446 2940 oderunt,
468 2859 601 2942 Deus,
631 2857 797 2925 oderam
824 2857 947 2941 illos,
979 2867 1018 2922 et
1056 2875 1182 2942 super

185 2964 380 3032 inimicos
410 2969 502 3024 tuos
530 2958 829 3026 tabescebam?
863 2958 1062 3024 Perfecto
1085 2953 1183 3020 odio

185 3065 356 3133 oderam
392 3058 512 3126 illos:
548 3061 715 3126 inimici
746 3061 854 3125 facti
892 3069 995 3125 sunt
1024 3053 1182 3138 mihi³)

183 3159 474 3232 Inimieosetenim
486 3157 554 3225 Dei
574 3159 721 3246 perfecto
744 3158 820 3225 odio
832 3159 952 3242 odisse,
975 3165 1072 3223 astet
1094 3153 1184 3240 quod

184 3263 268 3332 iacti
290 3272 368 3327 sunt
390 3259 545 3346 diligere,
570 3269 603 3324 et
618 3258 847 3347 quodiaciunt
864 3259 1054 3346 inerepare:
1075 3273 1182 3318 mores

184 3384 365 3456 pravorum
385 3382 548 3450 premere,
571 3361 663 3426 vitae
684 3359 852 3447 prodesse.

248 3460 462 3529 Pensandum
491 3481 572 3546 ergo
600 3468 668 3542 est,
708 3455 844 3544 quaudo
876 3455 920 3526 ab
951 3455 1182 3542 increpatione

195 3596 472 3614 *ma—a·-

220 3642 246 3734 ·)’
259 3669 335 3727 ross.
354 3665 395 3735 14,
412 3670 456 3722 or.
473 3695 507 3708 -
531 3663 819 3732 persuasione.
844 3689 880 3702 -
902 3659 923 3726 ⁸>
940 3661 984 3716 m.
1004 3659 1063 3726 rsa
1080 3657 1128 3710 au
1139 3657 1183 3709 ea.
