2556 4150
431 727 598 847 rins
645 730 871 828 l’llllll.

537 1006 719 1073 CAPUT
748 1007 774 1070 Ι.

180 1143 223 1194 Nc
256 1142 381 1194 venire
409 1144 583 1214 inperiti
608 1145 649 1198 ad
675 1143 935 1211 magisterium
961 1140 1129 1220 audeant.

148 1277 276 1376 ‘Nulla
304 1333 359 1377 ars
389 1309 502 1378 doceri
530 1315 775 1400 praesumitur,
808 1315 873 1379 nisi
902 1315 1029 1376 intenta
1058 1311 1152 1396 prius

157 1409 372 1476 meditatione
402 1411 559 1478 discatur.
610 1413 663 1478 Ab
685 1413 849 1499 imperitis
876 1433 954 1496 ergo
983 1407 1152 1496 pastorale

156 1507 387 1592 magisterium
411 1534 477 1598 qua
499 1516 685 1579 temeritate
710 1514 906 1600 suscipitur,
939 1506 1074 1594 quando
1097 1529 1153 1572 ars

157 1615 209 1670 est
230 1609 350 1674 artium
370 1611 522 1695 regimen
543 1613 735 1677 animarum.
755 1608 781 1696 ¹)
826 1609 911 1689 Quis
931 1616 1041 1673 autem
1063 1607 1152 1690 cogi·

157 1706 319 1772 tationum
340 1708 483 1775 vulnera
505 1711 687 1776 occultiora
710 1731 783 1776 esse
810 1709 938 1774 nesciat
958 1705 1153 1771 vulneribus

156 1806 346 1872 viscerum?
390 1809 434 1874 Et
456 1817 568 1874 tamen
595 1832 696 1897 saepe
725 1810 781 1896 qui
809 1827 1022 1895 nequaquam
1052 1802 1150 1892 spiri·

157 1902 241 1967 talia
262 1917 444 1993 praecepta
458 1919 698 1994 cognoverunt,
722 1908 831 1976 cordis
854 1930 889 1973 se
908 1904 1055 1971 medicos
1077 1925 1150 1992 pro·

113 2064 119 2078 .
155 2001 244 2067 fiteri
265 2027 328 2071 non
352 2018 522 2091 metuunt3
550 2008 628 2076 dum
652 2011 709 2098 qui
733 2011 976 2096 pigmentorum
1005 2007 1073 2072 vim
1093 2025 1152 2070 ne·

158 2103 287 2187 sciunt,
320 2105 429 2172 videri
449 2106 569 2174 medici
591 2109 704 2176 carnis
727 2107 938 2174 erubeseunt.
984 2104 1050 2170 Sed
1072 2105 1150 2192 quia

156 2213 293 2270 auctore
322 2205 396 2273 Deo
423 2208 467 2274 ad
493 2208 666 2294 religionis
692 2209 915 2274 reverentiam
953 2229 1048 2272 omne
1079 2206 1150 2293 jam

156 2306 345 2389 praesentis
371 2305 497 2373 saeculi
519 2307 650 2374 culmen
673 2308 865 2374 inclinatur:
889 2315 967 2372 sunt
985 2303 1150 2386 nonnulli,

159 2402 219 2488 qui
238 2403 326 2469 intra
349 2418 499 2473 sanctam
520 2408 706 2474 Ecclesiam
728 2430 789 2494 per
813 2407 957 2492 speeiem
978 2405 1150 2492 regiminis

156 2500 298 2586 gloriam
320 2505 479 2573 affectant
500 2505 646 2588 honoris,
669 2506 778 2572 videri
800 2507 950 2572 doctores
975 2513 1151 2593 appetunt,

157 2605 395 2670 transcendere
417 2613 545 2673 ceteros
567 2607 821 2692 concupiscunt,
850 2617 948 2694 atque
970 2612 1150 2670 attestante

158 2700 325 2787 Veritate,
349 2707 472 2791 primas
494 2705 713 2772 salutationes
736 2708 771 2772 in
788 2707 871 2789 foro,
895 2706 1019 2793 primos
1029 2703 1065 2768 in
1076 2723 1149 2768 eoe-

158 2803 211 2868 nis
228 2805 411 2888 recubitus,
433 2805 559 2892 primas
575 2808 611 2872 in
624 2805 843 2874 conventibus
859 2803 1035 2870 cathedras
1048 2823 1149 2887 quae·

164 2962 446 2974 m—-ffl

195 3046 216 3114 ¹]
244 3049 342 3104 Similia
362 3052 439 3106 habet
457 3051 484 3105 S.
499 3052 640 3121 Gregorius
654 3053 830 3108 Nazianzenus
848 3057 911 3102 orat.
931 3049 967 3100 1.:
992 3051 1073 3115 „Nam
1086 3065 1149 3118 pro-

243 3132 310 3188 fecto
327 3151 371 3189 ars
388 3139 512 3206 quasdam
532 3139 638 3206 artium,
656 3145 681 3191 et
699 3139 808 3192 scientia
825 3136 992 3190 scientiarum
1009 3137 1075 3188 mihi
1092 3151 1149 3190 csse

244 3221 346 3274 videtur
362 3223 491 3277 hominem
516 3239 620 3294 regere,
646 3223 745 3276 animal
771 3221 884 3274 omnium
910 3222 1022 3275 maxime
1046 3221 1148 3273 varium

244 3312 269 3360 et
286 3308 431 3377 multiplex.
463 3311 494 3362 Id
518 3325 594 3378 porro
620 3311 671 3362 hac
694 3310 794 3361 domurn
818 3308 917 3360 ratione
941 3308 1068 3376 quispiam
1086 3319 1148 3375 per·

244 3395 370 3462 sperarit,
397 3383 421 3447 si
438 3396 583 3448 animarum
601 3395 773 3448 curandarum
797 3394 921 3446 rationem
938 3407 995 3445 cum
1013 3405 1149 3460 corporum

242 3480 371 3534 medicina
388 3482 532 3549 contulerit,
550 3485 698 3551 quantoque
711 3481 776 3532 haec
792 3483 881 3532 nostra
891 3477 1054 3544 laboriosior,
1071 3492 1149 3547 qnam

243 3564 359 3637 illusit,
377 3569 539 3638 expenderit,
558 3584 589 3621 ac
607 3573 660 3619 tum
677 3565 801 3619 materiae
819 3569 926 3632 natura,
951 3568 1005 3616 tum
1022 3562 1087 3616 artis
1104 3559 1147 3615 la-

242 3651 352 3721 colna,
371 3658 424 3707 turn
442 3659 518 3712 actus
536 3652 586 3706 fine
603 3649 800 3726 praestantior.“
