2556 4150
544 129 747 205 ..62-

145 311 311 374 amittant.
356 307 419 372 Sed
449 331 526 374 oum
553 313 683 394 tenipus
712 305 855 373 subditis
888 305 932 372 ad
961 307 1140 392 correptio·

148 429 224 476 nem
247 407 442 494 quaeritur,
466 405 528 474 sub
551 405 625 492 ipso
647 405 821 492 culparum
841 403 987 492 pondere
1010 393 1153 492 puna<

148 507 196 570 tia
215 505 384 592 praesulis
405 514 592 570 excreetur.
636 503 736 570 Unde
752 503 839 570 bene
857 523 918 588 per
934 503 1142 568 Psalmisttnn

149 602 285 671 dicitur:
314 603 449 689 Supra
477 601 638 668 dorsum
658 625 788 669 meum
808 603 1143 667 fabricaverunt

148 713 405 788 peccatores.
434 699 459 787 ¹)
503 699 545 768 In
578 701 674 768 dorso
706 702 829 790 quippe
860 723 963 766 onera
999 701 1159 790 sustine-t

149 824 230 866 mus.
276 800 386 888 Supra
408 795 542 868 dorsum
570 803 672 886 igitur
695 823 792 866 suum
818 799 1003 866 fabricasse
1025 822 1142 890 peccu-

150 910 235 966 tores
258 903 428 989 queritur,
458 922 498 966 ao
520 900 548 964 si
578 909 693 986 aperte
716 899 823 966 dieat:
852 901 944 982 Quos
975 898 1141 984 corrigere

148 1022 294 1088 nequeo,
319 999 416 1086 quasi
439 999 728 1088 superimpositum
750 1023 834 1067 onus
855 1013 961 1088 porto.

211 1092 378 1165 Nonnulla
405 1110 515 1164 autem
545 1097 672 1165 occulta
695 1097 861 1164 subtiliter
891 1109 969 1166 sunt
990 1119 1141 1186 perscru-

148 1195 267 1282 tanda,
295 1208 333 1264 ut
356 1195 556 1284 quibusdam
577 1198 683 1282 signis
707 1195 956 1286 erumpentibus
978 1208 1088 1263 rector
1105 1192 1143 1261 in

148 1297 353 1364 subditorum
374 1306 484 1362 mente
506 1320 620 1379 omne,
656 1297 744 1384 quod
766 1297 913 1364 clausum
934 1297 1027 1379 latet,
1051 1297 1141 1386 inps*

148 1399 239 1478 nint,
262 1407 296 1462 et
317 1397 559 1479 interveniente
579 1397 796 1480 correptionis
819 1393 960 1462 articulo
983 1419 1026 1459 ex
1047 1397 1141 1462 mini-

150 1495 211 1560 mis
232 1497 361 1583 majora
390 1505 578 1580 eognoscat.
622 1491 721 1583 Unde
743 1505 833 1561 recte
864 1493 908 1560 ad
933 1493 1143 1561 Ezechielem

150 1593 285 1660 dieitur:
306 1595 396 1660 Fili
417 1595 613 1676 hominis,
635 1593 973 1680 fodeparietem.
992 1585 1018 1678 ²)¹
1042 1581 1151 1658 Unde

150 1717 228 1762 mox
248 1692 336 1762 idem
354 1693 518 1782 propheta
541 1693 731 1778 subiungitt
759 1693 810 1758 Et
830 1716 918 1760 cum
938 1692 1142 1758 fodissem

148 1797 364 1882 parietem,
396 1794 600 1880 apparuit
623 1793 771 1858 ostium
792 1813 924 1857 unum.
958 1791 1008 1854 Et
1030 1789 1144 1857 dixit

150 1885 198 1961 ad
229 1918 301 1960 me:
334 1889 588 1980 Ingredere,
611 1903 652 1958 ct
681 1893 774 1960 vide
802 1887 1143 1958 abominationes

149 1995 370 2080 pessimas,
395 2017 500 2081 quas
523 1994 598 2059 isti
619 1993 784 2060 faciunt
806 1988 882 2056 hio.
913 1989 964 2054 Et
985 1989 1144 2074 ingres-

150 2085 1142 2182 susvidizstecoeomnissimilitudoreptilium,

149 2203 188 2257 et
204 2192 449 2258 animalium
466 2190 740 2274 abominatio,
762 2202 799 2257 et
819 2179 1144 2256 univcrsaidola

149 2289 291 2356 domus
319 2289 457 2356 lsrael
486 2290 655 2376 depicta
691 2298 817 2354 erant
844 2289 885 2354 in
914 2279 1144 2375 pariete.=³)

150 2389 216 2454 Per
228 2383 436 2458 Ezechielem
456 2390 580 2476 quippe
594 2391 857 2476 praepositorum
873 2411 1018 2476 persona
1034 2389 1145 2470 signa·

149 2498 215 2570 tur,
239 2508 298 2573 per
309 2489 471 2574 parietem
483 2485 606 2552 duritia
619 2487 835 2552 subditorum.
866 2485 912 2552 Et
930 2485 1009 2574 quid
1021 2495 1070 2552 est
1085 2508 1145 2572 pa·

150 2589 267 2654 rietem
277 2587 405 2669 fodere,
429 2589 497 2652 nisi
508 2585 1061 2673 acutisinquisitionibusduritiam
1074 2608 1144 2652 eor·

150 2685 201 2752 dis
209 2687 365 2774 aperire?
387 2687 494 2766 Quem
504 2709 577 2752 cum
585 2683 733 2767 fodisset,
750 2687 1046 2774 apparuitostium:¹
1065 2685 1144 2772 quia

150 2809 221 2853 cum
235 2786 342 2853 cordis
354 2786 479 2851 duritia
487 2783 540 2850 vel
555 2784 712 2850 studiosis
726 2785 1069 2870 percunctationibus,
1090 2783 1145 2850 vel

150 2887 287 2952 maternis
299 2885 565 2972 correptionibus
574 2885 748 2967 scinditur,
762 2887 860 2972 quasi
870 2885 1145 2972 quaedamjanua

150 2982 352 3067 ostenditur,
376 3007 419 3051 cx
435 3006 503 3071 qua
518 2985 628 3050 omnia
642 2984 680 3049 in
694 3005 744 3065 eo,
768 2984 826 3069 qui
838 2983 1032 3068 corripitur,
1055 2981 1144 3066 cogi·

147 3085 308 3150 tationum
329 3084 487 3150 interiora
508 3084 693 3150 videantur.
728 3083 828 3148 Unde
850 3091 883 3146 et
903 3081 990 3147 bene
1011 3081 1079 3158 illio
1093 3103 1144 3146 se·

151 3184 279 3272 quitur:
320 3180 553 3268 ingredere
593 3192 633 3248 et
670 3182 764 3248 vide
807 3179 1144 3246 abominationes

149 3285 382 3368 pessimas,
416 3281 520 3372 quas
549 3282 631 3348 isti
655 3280 828 3348 faciunt
855 3275 933 3346 hio.
955 3277 985 3368 l)
1035 3273 1145 3361 Quasi

185 3504 354 3582 *llis-‚1283
378 3513 406 3570 3:
425 3542 457 3556 -
512 3512 647 3582 ‘thtcn
665 3506 696 3579 8,
721 3509 746 3568 8.
775 3525 808 3556 u
862 3510 882 3578 ⁸)
900 3494 993 3568 itant:
1011 3508 1042 3582 t,
1067 3503 1092 3568 9.
1111 3541 1143 3550 -

216 3593 452 3672 bnassu
556 3621 558 3626 ,
768 3599 772 3606 ’
