2556 4150
524 245 706 310 ..7-

112 413 191 481 runt
206 412 250 500 ¹)›;
272 413 330 500 qui
352 419 543 498 susceptum
565 413 667 476 curae
685 408 866 497 pastoralis
889 409 1032 476 officium
1051 400 1118 472 nii-¹

4 527 6 538 '
114 515 261 581 nitit'raro
282 512 385 598 digne
407 519 500 576 tanto
522 510 627 594 magis
648 517 830 595 nequeunt,
854 520 979 596 quanto
996 505 1118 574 adint-¹

113 599 262 680 militatis
289 611 520 696 magisterium
542 619 585 674 ert
612 610 684 675 sola
707 608 850 674 elatione
876 601 1111 695 pervenerunt.

113 714 196 802 Ipsa
208 713 333 798 quippe
345 712 380 775 in
391 708 584 794 magisterio
595 708 713 792 lingua
730 706 956 792 contunditur,
977 707 1111 796 quando

113 811 208 878 aliud
230 809 380 891 discitur,
403 817 436 872 et
457 807 552 873 aliud
573 807 720 873 docetur.
755 805 847 894 Quos
867 817 982 872 contra
997 807 1121 872 Domi.»

112 931 178 977 nus
189 933 251 998 per
274 907 476 994 Prophetam
502 907 665 994 queritur,
696 907 824 973 dicens:
854 907 948 994 Ipsi
968 927 1120 991 regna-¹

113 1019 278 1091 ierunt,
302 1018 345 1072 ct
366 1027 448 1073 non
470 1029 519 1070 ex
539 1027 610 1070 me:
631 1006 845 1093 principes
861 1005 1111 1088 extiterunt,

115 1117 154 1177 ot
184 1128 261 1194 ego
290 1107 504 1192 ignoravi.
529 1102 554 1189 ²)
599 1105 653 1170 Ex
676 1127 711 1170 se
735 1125 895 1189 namque,
927 1113 961 1170 et
980 1097 1047 1170 non
1070 1124 1113 1168 ex

113 1210 252 1276 arbitrio
278 1208 395 1274 summi
416 1207 569 1272 Rectoris
586 1213 742 1290 regnant,
767 1204 938 1291 quinuiiis
952 1203 1030 1268 fulti
1043 1204 1111 1268 vir·

112 1308 250 1392 tutibus,
275 1324 490 1394 nequaquam
513 1306 672 1370 divinitus
695 1305 823 1386 vocati,
849 1305 907 1369 sed
937 1325 998 1369 sua
1020 1297 1112 1390 cupi·

116 1406 192 1472 dine
213 1407 359 1485 accensi,
385 1403 513 1470 culmen
530 1404 701 1488 regiminis
715 1403 853 1488 rapiunt
866 1403 988 1490 potius,
1013 1419 1113 1488 quam

113 1518 350 1594 assequuntur.
405 1505 636 1585 Quostamen
664 1504 816 1568 internus
842 1501 950 1588 judex
979 1514 1012 1566 et
1039 1525 1113 1588 pro·

111 1605 219 1688 vehit,
245 1615 278 1668 et
299 1607 419 1670 nescit:
444 1605 524 1690 quia
544 1603 860 1690 quospermittcndo
879 1599 1012 1684 tolerat,
1034 1624 1111 1688 pro·
1155 1591 1156 1598 ἵ

109 1705 197 1770 fecto
220 1704 464 1790 perjudicium
485 1701 730 1789 reprobationis
759 1705 902 1788 ignorat.
947 1700 1046 1767 Unde
1070 1702 1113 1766 ad

111 1825 146 1868 se
181 1801 381 1888 quibusdam
413 1813 449 1867 ‘et
480 1814 556 1888 post
588 1801 749 1866 miracula
781 1801 994 1867 venientibus
1017 1801 1113 1866 dicit:

110 1901 316 1964 Recedite
339 1926 359 1966 a
377 1925 436 1966 mc
461 1901 656 1988 operarii
678 1901 944 1988 iniquitatis,
968 1902 1112 1966 nescio

117 1998 197 2084 qui
227 1999 346 2063 estis.
371 2001 397 2086 3)
440 2003 615 2066 Pastorum
644 2001 811 2087 imperitia
840 2023 921 2066 voce
951 2000 1122 2068 Veritatis⁸

115 2097 329 2182 increpatur,
364 2121 435 2164 cum
456 2123 517 2184 per
540 2099 744 2186 Prophetam
766 2100 903 2166 dicitur:
932 2101 1021 2188 Ipsi
1052 2124 1116 2186 pa-

115 2205 255 2261 stores
280 2198 952 2282 ignoraveruntintelligentiam.
966 2199 995 2283 i)
1020 2198 1114 2278 Quos

113 2318 247 2360 rursum
268 2295 432 2364 Dominus
457 2297 658 2380 detestatur,
683 2300 808 2364 dicens:
840 2299 890 2363 Et
911 2306 1113 2365 tenentes

113 2392 247 2478 legem
270 2399 522 2462 nescierunt
543 2420 611 2462 me.
633 2395 658 2483 ὃ)
702 2399 747 2464 Et
767 2398 890 2464 nesciri
914 2420 993 2482 ergo
1018 2397 1112 2462 acab

114 2495 163 2560 eis
184 2495 320 2562 Veritas
343 2497 513 2585 queritur,
543 2508 575 2561 et
596 2499 726 2564 nescire
751 2521 787 2564 se
808 2499 1033 2588 principatum
1054 2519 1120 2564 ne·.·

115 2596 290 2660 scientium
303 2605 519 2684 protestatur:
543 2597 623 2682 quia
639 2597 785 2683 profecto
798 2597 844 2678 hi,
868 2597 927 2682 qui
949 2619 1000 2677 ea,
1024 2618 1112 2682 quae

114 2703 193 2760 sunt
214 2695 369 2776 Domini,
389 2695 555 2776 nesciunt,
579 2720 600 2760 a
615 2695 759 2762 Domino
774 2697 982 2778 nesciuntur,
1004 2694 1112 2761 Paulo

109 2802 296 2859 attestante
325 2797 384 2880 qui
413 2797 479 2860 ait:
534 2793 576 2860 Si
614 2796 712 2882 quis
747 2805 888 2860 autem
920 2797 1109 2880 ignorat,

114 2894 392 2974 ignorabitur.
415 2891 442 2982 0)
494 2895 591 2976 Quae
618 2896 774 2962 nimirum
804 2894 980 2960 Pastorum
1008 2915 1110 2978 saepe

113 2989 282 3074 imperitia
292 2995 418 3062 meritis
432 2996 587 3080 congruit
596 2993 835 3081 subjectorum5
845 3049 848 3054 .
859 2995 940 3080 quia
958 2995 1112 3080 quamvis

115 3087 230 3153 lumen
260 3092 418 3158 scientiae
453 3116 514 3161 sua
542 3092 642 3178 culpa
671 3093 827 3176 exigente
856 3115 922 3158 non
949 3090 1126 3172 habeant,.

110 3187 265 3252 districto
287 3199 398 3258 tamen
422 3192 549 3278 judicio
570 3193 704 3276 agitur,
734 3200 772 3258 ut
800 3214 860 3278 per
881 3213 996 3258 eorum
1016 3192 1113 3282 igno·⁴

27 3291 41 3318 ¹
113 3288 258 3354 rentiam
280 3285 316 3352 hi
337 3291 454 3374 etiam,
485 3295 543 3378 qui
571 3303 775 3382 sequuntur,
804 3290 982 3382 offendant.
1024 3288 1112 3357 Hinc

32 3466 35 3472 ¹
113 3407 258 3472 namque
279 3387 316 3454 in
338 3387 528 3475 Evangelio
547 3415 609 3479 per
629 3391 844 3478 *semetipsam
863 3375 1123 3458 veritasque.

157 3625 177 3686 ¹)
201 3625 293 3682 notro.
304 3627 347 3695 aa,
365 3613 390 3683 t.
401 3627 426 3682 7.
437 3655 467 3666 -
488 3613 629 3697 posces,
647 3629 673 3683 4.
685 3657 714 3666 -
732 3627 758 3705 jq·
770 3611 887 3712 namq
903 3588 987 3680 anf-
1007 3625 1029 3690 q
1047 3611 1111 3681 nti.

199 3709 240 3777 co,
258 3713 300 3767 11.
321 3743 351 3752 -
374 3711 393 3779 ⁵)
410 3714 464 3768 ur.
482 3713 512 3780 a,
530 3712 555 3768 a.
575 3741 607 3752 -
626 3713 646 3779 ο)
665 3720 689 3772 1.
708 3713 768 3768 cc.
786 3711 827 3779 14,
846 3713 888 3768 ac.
968 3713 972 3722 “
