2556 4150
500 191 541 229 .;·.
583 172 626 244 15
667 191 705 224 ..·
775 199 776 204 κ

101 325 278 414 ricoldis>
293 340 455 420 autur
471 339 785 428 supersternitur>
799 341 963 428 cauae,
997 340 1110 428 sequar

99 443 144 514 ad
167 465 285 510 nomen
299 441 415 509 fratris
433 439 516 506 filios
533 441 665 525 gignatt
687 458 788 526 quam
802 438 1109 532 siac'oipere‘ldrle’

98 542 264 620 renuerit,
296 539 376 605 huic
398 540 434 604 in
460 539 578 610 faeiem
607 537 728 606 mulier
744 534 896 624 expuat,
927 559 1097 624 unumque

100 645 134 710 ei
154 639 272 730 pedem
300 633 516 728 propinquus
531 635 722 717 discalciet,
763 637 904 723 ejusque
925 635 1097 704 habitaou·
1128 714 1130 720 ¹

99 742 170 806 lom
192 737 323 803 domum
345 735 545 802 discalceati·
559 745 663 804 vocet.
688 729 723 819 ²).
757 735 884 800 Fraterw
900 735 1027 820 quippe
1041 733 1099 799 des

97 839 233 906 functus
253 834 312 900 ille
335 843 400 915 est,
425 835 489 920 qui*
505 823 861 920 postremi-rectionis¹
875 831 1016 917 'gloriam
1038 837 1097 920 ap·

98 961 224 1026 parens
253 935 352 998 dixit:
398 933 480 1014 Ite,
520 931 653 998 dicite
685 931 899 998 fratribus
933 932 1044 996 meis.
1069 930 1096 1017 ²)

99 1035 167 1116 Qui
190 1034 288 1120 quasi
310 1033 384 1103 sine
402 1030 588 1113 filiisobiit3
610 1031 691 1117 quia
707 1030 1007 1097 adhuoelectorum
1021 1043 1095 1096 suo-

98 1157 172 1203 rum
193 1128 368 1200 numerum
389 1153 457 1198 non
479 1129 639 1216 implevit.
682 1131 793 1218 Hujus
816 1129 1097 1202 scilieetuxorem

99 1241 270 1319 superstas
284 1222 392 1296 frater
408 1231 519 1296 sortiri
527 1231 751 1314 praecipitur,
774 1231 854 1317 quia
869 1229 1008 1315 dignum
1022 1250 1096 1314 pro·

98 1331 187 1396 fecto
207 1341 272 1410 est,
303 1339 341 1396 ut
362 1349 449 1394 cura
480 1338 618 1392 sanetae
638 1327 813 1394 Ecclesiae
844 1330 892 1408 ei,
929 1330 986 1414 qui
1008 1327 1097 1392 hano

100 1429 188 1498 bene
208 1451 328 1514 regere
349 1425 543 1514 praevalet,
575 1428 774 1512 imponatur.
818 1425 882 1492 Oui
910 1425 1040 1502 nolenti
1061 1427 1096 1492 in

96 1529 216 1594 faciem
238 1529 358 1594 mulier
383 1527 510 1614 expuit3
547 1526 626 1612 quia
653 1528 806 1612 quisquis
827 1547 870 1592 ex
890 1523 1108 1604 muneribus„
1204 1608 1207 1614 Ι

97 1650 185 1714 qnae
214 1624 424 1716 per‘ceperit„
453 1623 613 1712 prodesse
642 1624 719 1690 aliis
747 1645 814 1690 non
848 1633 964 1705 curat,
999 1622 1108 1688 bonis·

97 1734 233 1812 quoque
255 1728 329 1812 ejus
350 1736 467 1792 sancta
481 1723 635 1790 Ecclesia
656 1723 877 1811 exprobrans,
899 1723 931 1787 ei
953 1722 1096 1808 quasiirr

96 1825 218 1896 faciem
240 1825 382 1890 salivam
399 1825 516 1911 jactat.
552 1823 617 1888 Oui
634 1839 676 1888 ex
697 1843 763 1888 uno
786 1823 869 1909 pede
888 1821 1095 1888 calceamen-

99 1932 175 1987 tum:
192 1919 333 2002 tollitur,
352 1935 389 1988 ut
409 1921 601 1988 discalceati
616 1921 732 1988 domus
747 1931 892 1988 vocetur.
928 1921 1097 2007 Scriptum

103 2019 307 2107 quippeestr
339 2019 532 2096 Galoenti
553 2019 677 2106 pedes
698 2022 738 2084 in
759 2021 1096 2106 praeparatione

100 2116 323 2203 Evangelii
357 2121 487 2206 pacis.
512 2119 538 2206 ³)
591 2118 627 2184 Si
662 2141 742 2203 ergo
771 2128 808 2183 ut
847 2129 1013 2200 nostram,
1044 2119 1096 2192 sic

98 2237 212 2281 ouram
235 2219 378 2304 proximi
400 2221 564 2304 gerimus,
596 2228 774 2306 utrumque
795 2217 1000 2305 pedemper
1028 2214 1094 2280 cala

98 2325 303 2382 coementum
325 2321 500 2385 munimus.
545 2318 614 2399 Qui
635 2340 713 2385 vero
735 2341 830 2388 suam
850 2319 1003 2402 cogitans
1029 2314 1093 2380 uti·

97 2411 241 2497 litatem,
265 2419 492 2501 proximorum
515 2417 668 2502 negligit,
693 2417 790 2504 quasi
807 2419 907 2484 unius
921 2414 1094 2502 pediscal·

97 2523 305 2583 coementum
327 2538 402 2580 eum
423 2514 586 2584 dedecore
609 2517 738 2582 amittit.
783 2515 1098 2604 Suntitaquenon-.

98 2611 186 2676 nulli
200 2615 259 2700 qui
275 2615 419 2699 magnis,
443 2624 481 2678 ut
494 2615 650 2697 diximus,
672 2615 865 2680 muneribus
887 2616 995 2698 ditati,
1017 2614 1093 2680 dum

97 2710 203 2778 solius
232 2713 522 2798 contemplationis
554 2713 675 2780 studiis
704 2715 917 2780 inardescunt
924 2743 934 2796 ι
972 2729 1093 2802 parere

96 2809 236 2876 utilitati·
254 2813 481 2899 proximorum
502 2814 537 2878 in
559 2813 806 2900 praedicatione
824 2813 1011 2900 refugiunt,
1042 2836 1114 2880 se·.

96 2917 222 2975 eretum
245 2912 364 2996 quietis
386 2910 550 2998 diligunt,
582 2934 749 2978 secessum
773 2911 1012 2999 speculationis
1033 2937 1091 3002 ap-

96 3015 226 3094 petunt.
268 3007 321 3074 De
355 3033 420 3097 quo
450 3012 479 3076 si
505 3007 653 3078 districte
676 3011 885 3098 judicentur,
921 3034 963 3078 ex
990 3015 1092 3080 tantis

95 3102 214 3192 procul
236 3103 336 3172 dubio
357 3111 407 3174 rei
429 3121 526 3192 sunt,
560 3109 696 3196 quantis
719 3111 892 3176 venientes
913 3111 957 3178 ad
979 3111 1091 3199 publi-

96 3225 172 3270 cum
193 3204 350 3290 prodesse
373 3217 562 3292 potuerunt.
607 3207 683 3289 Qua
708 3211 795 3276 enim
816 3221 926 3276 mente
955 3212 998 3294 is,
1034 3213 1092 3298 qui

95 3304 257 3398 proximis
279 3303 475 3392 profuturus
497 3312 712 3394 enitesceret,
744 3310 884 3376 utilitati
906 3322 1091 3378 ceterorum

96 3414 261 3471 secretum
282 3406 460 3494 praeponit
482 3429 593 3494 suum,
628 3407 762 3496 quando
792 3410 864 3496 ipse
887 3413 1005 3479 summi
1025 3411 1090 3476 Pa·

136 3631 158 3695 ¹J
182 3633 257 3687 Dent.
275 3634 324 3703 25,
344 3635 368 3689 5.
388 3663 421 3674 -
439 3635 459 3701 ²)
478 3633 568 3689 Manu.
586 3635 629 3700 28,
648 3637 689 3692 10.
709 3665 740 3676 -
761 3635 784 3706 ³)
801 3637 897 3704 apres.
915 3635 945 3704 6,
965 3637 1007 3694 15.
