2556 4150
521 137 724 218 -ce'-

120 313 292 410 juetdnter
313 337 396 403 erga
411 315 572 404 subditos
594 336 629 383 se
651 320 802 410 erigunt,
831 305 894 384 uec
915 318 998 407 quid
1019 333 1123 404 aget-e

125 419 283 499 debeant,
306 415 363 481 sed
384 413 466 502 quid
487 414 637 498 valeant,
662 416 849 482 attendunt:
871 415 919 481 nu
939 417 981 483 de
1003 416 1122 484 subse»

126 519 242 606 quenti
270 517 398 604 judicio
427 523 596 597 metuunt,
625 515 779 601 improbe
797 515 841 581 da
863 515 1040 603 temporali
1061 530 1122 603 po*

124 625 247 684 testate
270 615 470 700 gloriantem
493 612 575 676 libet
592 623 629 678 ut
641 613 780 680 licenter
796 615 830 680 e't
850 605 1134 698 iuioleelaeiaut,

126 726 162 782 et
182 713 388 780 subditorum
402 730 496 778 nemo
514 711 727 778 contradicat.
759 712 842 792 ”cur
856 729 936 798 ergo
960 723 993 780 et
1014 727 1121 801 praua

126 813 238 882 studet
259 831 371 898 agere,
397 819 429 876 et
449 821 561 876 tamen
577 810 718 876 adhaec
740 811 814 878 vult
830 823 981 879 caeteros
996 822 1119 895 taceo,

126 916 198 1000 ipse
221 911 355 977 sibimet
377 911 470 976 testis
493 920 573 994 est,
588 911 668 995 quia
689 911 766 998 plns
793 913 936 977 veritate
959 934 994 977 se
1017 925 1119 998 apps-

125 1016 166 1079 tie
188 1011 300 1095 diligi,
323 1030 424 1096 quam
445 1017 559 1076 contra
588 1031 623 1074 se
644 1029 711 1075 non
734 1009 807 1076 vult
829 1009 970 1076 defendi.
1015 1001 1119 1077 Nemo

126 1114 251 1200 quippe
273 1119 333 1191 est,
359 1110 417 1196 qui
440 1110 487 1173 ita
505 1110 608 1192 vivat,
629 1118 667 1173 ut
688 1109 903 1196 aliquatenus
924 1131 991 1176 nou
1014 1106 1120 1173 delin-

127 1221 218 1299 quat.
263 1207 323 1274 Ille
346 1229 426 1292 ergo
451 1231 486 1272 se
509 1209 581 1295 ipso
604 1209 747 1295 amplius
758 1209 931 1275 veritatem
952 1207 1121 1274 desiderat

128 1309 244 1392 amari,
269 1311 326 1394 qui
350 1307 414 1373 sibi
437 1330 457 1371 a
478 1307 574 1376 nullo
596 1307 668 1374 vult
681 1315 796 1372 eontra
818 1308 994 1373 veritatem
1016 1308 1119 1391 parci.

128 1407 215 1474 Hinc
243 1409 363 1474 etenim
393 1407 514 1474 Petrus
549 1408 812 1492 increpationem
839 1405 940 1484 Pauli
974 1404 1120 1471 libenter

129 1508 267 1596 accepit,
285 1508 310 1591 ¹)
333 1505 411 1572 hinc
424 1505 538 1572 David
556 1505 800 1594 correptionem
815 1503 939 1571 subditi
949 1503 1120 1570 humiliter

127 1608 270 1689 audivit,
286 1605 311 1690 2)
335 1607 414 1692 quia
435 1615 581 1672 rectores
603 1605 699 1686 boni,
723 1603 799 1668 dum
820 1606 953 1691 privato
975 1604 1119 1690 diligere
1201 1597 1203 1600 ’

126 1711 235 1773 amore
259 1729 295 1772 se
316 1707 486 1789 nesciunt,
511 1703 636 1770 liberae
659 1704 818 1791 puritatis
840 1702 976 1772 verbum
998 1728 1019 1770 a
1041 1700 1120 1770 sub·
1166 1673 1177 1756 l
1208 1730 1211 1736 ·

127 1808 207 1874 ditis
229 1805 425 1892 obsequium
439 1803 633 1870 humilitatis
651 1803 800 1872 credunt.
845 1801 912 1870 Sed
928 1805 1015 1871 inter
1036 1800 1121 1868 hece

130 1927 265 1971 neeesse
291 1916 358 1987 est,
388 1915 424 1970 ut
453 1923 531 1969 cura
563 1904 735 1988 regiminis
763 1911 862 1970 tanta'
886 1901 1122 1970 moderaminis

131 2013 201 2070 arte
228 2010 447 2091 temperetur,
477 2011 643 2090 quatenus
671 2000 878 2067 subditorum
904 2020 1016 2083 mens,
1047 2016 1132 2066 cum·

132 2102 293 2188 quaedam
313 2113 403 2169 recte
426 2102 547 2168 sentire
568 2101 723 2187 potuerit,
748 2100 852 2166 sicin
876 2102 966 2166 vocis
986 2098 1120 2166 liberta·

130 2211 195 2268 tem
222 2204 376 2293 prodeat,
408 2212 584 2268 ettamen·
610 2199 749 2265 libertas
775 2202 811 2264 in
834 2197 1029 2287 'superbiam
1055 2215 1122 2264 neu

129 2313 295 2390 erumpat,
317 2326 360 2369 ne
382 2302 460 2367 dum
479 2302 623 2368 fortasse
644 2299 890 2366 immoderatius
912 2296 1051 2384 linguae
1073 2297 1131 2364 aiu

128 2401 265 2468 libertas
287 2403 488 2485 conceditur,
511 2403 600 2468 vitae
619 2399 729 2466 abhis
751 2399 918 2468 humilitas
940 2400 1123 2472 amittamur.

131 2499 308 2566 Sciendum
331 2523 463 2589 quoque
484 2513 553 2584 est,
578 2500 706 2588 quod3)
729 2506 895 2588 oporteat,
916 2508 955 2566 ut
975 2505 1131 2566 rectores

128 2600 209 2667 boni
229 2600 361 2687 placere
382 2600 570 2666 hominibus
592 2610 764 2686 appetant,
787 2598 846 2664 sed
860 2608 899 2664 ut
918 2620 999 2666 suae
1022 2597 1133 2668 aaut

128 2699 284 2766 nationis
317 2700 492 2767 dulcedine
525 2700 692 2786 proximos
722 2700 758 2764 iu
787 2698 939 2764 affectum
970 2697 1130 2766 veritatis

82 2819 84 2824 ’
128 2801 283 2884 trudant,
310 2823 378 2866 nou
398 2809 436 2866 ut
458 2822 494 2865 ae
520 2799 625 2866 amari
647 2795 944 2879 desiderorium
965 2805 1003 2862 ut
1024 2793 1123 2864 dileo·

129 2900 252 2965 tionem
282 2921 374 2966 suam
414 2900 513 2988 quasi
554 2896 723 2984 quandam
756 2897 845 2962 viam
877 2894 1022 2978 faciant,
1061 2917 1123 2980 per

133 3014 230 3084 quam
258 2999 358 3065 corda
384 2999 593 3065 audientium
620 2996 664 3062 ad
693 3019 837 3062 umorem
859 2992 1051 3062 conditoris
1071 2995 1123 3067 in·

115 3091 315 3164 'troducant
358 3099 505 3168 Difficile
529 3099 652 3186 quippe
675 3105 741 3180 ost,
767 3106 805 3164 ut
825 3093 1010 3181 quamlibet
1031 3101 1123 3166 recta

129 3196 332 3266 denuntians
353 3200 578 3288 praedicator,
610 3199 668 3284 qni
689 3219 755 3264 non
777 3194 949 3280 diligitur,
978 3191 1131 3262 libente.

131 3292 298 3368 audiatur.
341 3298 454 3366 Debet
484 3317 580 3386 ergo,
613 3300 672 3386 qui
692 3305 843 3384 praeest,
873 3304 906 3360 st
927 3289 1064 3362 studere
1084 3311 1129 3362 flu

27 3415 32 3430 ·
132 3397 247 3484 diligi,
284 3405 452 3485 quatenus
480 3399 587 3487 possit
614 3395 745 3480 tudini,
774 3404 809 3461 et
834 3401 946 3460 anon
969 3406 1129 3462 amam

140 3535 417 3544 muna—am..-
426 3533 429 3540 ι

166 3602 190 3671 ¹)
207 3603 293 3662 cana
312 3605 337 3674 ι,
357 3602 399 3657 ιι.
417 3589 451 3642 ‘-
468 3600 490 3671 2)
507 3603 533 3658 2.
550 3599 614 3672 nep
633 3603 674 3672 ιι,
692 3603 717 3657 t.
735 3624 770 3644 ι-
787 3597 816 3664 ⁸)
829 3593 961 3650 sstem
977 3593 1085 3664 adortst
