2554 4172
546 222 589 244 ...
628 189 691 260 res
722 221 784 244 ...r

161 352 716 444 inlingnagrauisrnonspderet,
737 353 866 420 dicens:
887 353 1011 420 Pater
1032 351 1166 430 Abra*

161 457 272 539 bam,
302 453 617 536 misereremei,
653 465 693 519 et
721 455 840 521 mitte
859 451 1080 535 Lanarum,
1112 462 1163 520 nt

162 556 353 640 intingat
378 561 606 620 extremum
627 553 754 638 digiti
777 553 838 618 sui
861 553 904 618 in
926 569 1089 638 aquam,
1105 563 1157 620 ut

160 655 397 740 refrigeret
418 651 609 736 linguam
631 675 775 736 meam,
801 653 903 739 quia
925 641 1156 721 crucior-iu

160 753 238 820 bac
258 753 429 818 flamma.
449 751 476 838 ι)
510 750 643 830 Quibus
663 751 811 838 profesto
827 751 940 818 verbis
961 751 1156 833 ostenditur,

160 855 241 939 quis
272 848 440 942 epulando
469 847 617 935 quotidie
646 849 798 916 erebrius
826 852 861 916 in
887 849 1005 935 lingua
1036 869 1154 937 pecca·

160 961 274 1032 verat,
307 951 365 1036 qui
386 959 475 1015 totus
496 947 621 1014 ardens
644 947 838 1034 refrigerari
861 971 896 1014 se
918 951 1097 1036 praecipue
1118 951 1154 1016 in

158 1049 279 1134 lingua
299 1047 502 1134 requirebat.
544 1047 692 1114 Rursum
720 1049 801 1134 quia
827 1049 926 1134 gulae
954 1047 1083 1114 deditos
1104 1048 1151 1114 le·

159 1149 251 1213 vitas
278 1148 429 1232 protinus
451 1147 560 1232 operis
580 1147 743 1231 seqnitur,
773 1149 956 1214 auctoritas
985 1169 1083 1212 saera
1104 1155 1152 1212 te·

159 1257 288 1325 statur,
310 1245 438 1310 dicens:
474 1242 595 1310 Sedit
615 1246 815 1332 populns
832 1246 1085 1312 manducare
1113 1255 1154 1312 st

160 1343 328 1421 bibere,
347 1353 389 1408 et
410 1355 686 1410 surrexerunt
706 1343 868 1410 ludere.
892 1343 918 1430 ²)
966 1345 1060 1425 Quos
1083 1342 1153 1430 ple·

158 1465 299 1530 rumque
322 1441 470 1508 edacitas
492 1466 599 1530 usque
621 1440 665 1506 ad
685 1442 855 1508 luxuriam
869 1444 1051 1534 pertrahitr
1073 1444 1154 1529 quia

159 1543 315 1610 satietate
336 1551 455 1608 venter
477 1543 684 1624 extenditur,
709 1543 820 1609 aculei
840 1543 988 1610 libidinis
999 1543 1152 1610 'excitan-

158 1655 224 1708 tur.
268 1641 365 1708 Unde
388 1652 421 1706 et
442 1639 531 1706 hosti
552 1641 690 1724 callido,
715 1643 774 1728 qui
795 1644 893 1728 primi
915 1643 1056 1708 hominis
1079 1663 1153 1707 sen·

159 1766 231 1810 sum
254 1742 577 1827 inconcupiscentia
599 1743 857 1828 pomiaperuit,
890 1743 945 1806 sed
969 1742 1003 1808 in
1026 1741 1156 1828 peccati

158 1839 283 1925 laqueo
305 1841 458 1920 strinxit,
489 1837 603 1905 divina
626 1860 706 1903 vooe
732 1839 866 1906 dieitur:
899 1840 1085 1906 Pectore
1112 1849 1154 1904 et

158 1947 309 2002 ventre
334 1959 455 2022 repes
475 1933 521 2023 3),
545 1959 585 2004 ac
609 1938 637 2002 si
658 1939 691 2000 ei
711 1949 826 2024 aperte
849 1939 1031 2006 diceretur:
1053 1938 1152 2023 Cogi·

158 2037 285 2104 tatione
318 2047 351 2102 et
381 2035 531 2120 ingluvie
563 2057 665 2122 super
693 2035 840 2104 humana
872 2039 971 2104 corda
999 2037 1150 2104 'domina-

158 2135 260 2202 beris.
304 2134 396 2216 Quia
417 2135 518 2219 gulae
547 2133 675 2201 deditos
705 2134 843 2200 luxuria
872 2138 1042 2220 sequitur,
1075 2157 1151 2222 pro-

157 2236 261 2323 pbeta
283 2243 443 2316 testatur,
466 2235 524 2319 qui
547 2233 624 2299 dum
645 2242 764 2321 aperta
786 2246 919 2317 narrat,
945 2233 1073 2301 occulta
1096 2232 1151 2298 de·

159 2335 457 2415 nunciatricem:
492 2333 700 2420 Princeps
724 2357 914 2402 cocorum
937 2328 1154 2400 destruxit

158 2457 294 2500 muros
315 2432 561 2502 Jerusalem.
581 2431 610 2516 l)
654 2434 817 2522 Princeps
841 2457 983 2521 namque
1004 2453 1152 2500 cocorum

157 2544 276 2598 venter
296 2541 363 2616 est,
396 2534 451 2598 eui
472 2555 594 2617 magna
617 2553 697 2598 cura
718 2531 914 2621 obsequium
940 2558 961 2600 a
983 2534 1070 2600 cocis
1092 2533 1150 2596 im·

156 2632 327 2720 penditur,
350 2635 470 2720 utipse
484 2631 728 2698 delectabiliter
740 2633 827 2700 cibis
840 2634 1031 2721 impleatur,
1061 2631 1151 2700 Muri

155 2741 268 2798 autem
288 2731 479 2798 Jerusalem
500 2732 640 2798 virtutes
670 2742 748 2798 sunt
769 2735 920 2815 animae,
955 2733 997 2798 ad
1020 2730 1150 2797 deside·

155 2833 243 2897 rium
265 2853 431 2917 supernae
453 2831 548 2918 pacis
570 2830 732 2898 elevatae.
767 2832 930 2900 (locorum
946 2834 1048 2916 igitur
1060 2831 1151 2916 prin·

155 2951 235 3015 ceps
255 2953 366 2996 muros
386 2929 574 2996 Jerusalem
595 2931 725 3016 dejicit3
760 2933 839 3016 quia
862 2934 939 2998 dum
963 2939 1079 2994 venter
1099 2930 1149 2994 in·
1213 2993 1215 2998 .

156 3026 268 3112 glurie
288 3030 494 3111 extenditur,
519 3031 658 3094 virtutes
681 3032 812 3095 animae
826 3051 893 3113 per
914 3029 1081 3097 luxuriam
1095 3028 1151 3094 de-

157 3136 342 3194 struuntur.
909 3187 911 3192 .
1022 3189 1025 3198 .

219 3225 298 3307 Quo
318 3238 433 3294 contra
455 3229 521 3294 nisi
544 3239 671 3293 mentes
693 3225 934 3292 abstinentium
952 3227 1152 3313 plerumque

155 3325 365 3413 impatientia
387 3349 407 3390 a
430 3327 503 3392 sinu
526 3325 784 3414 tranquillitatis
806 3336 994 3408 excuteret,
1024 3347 1152 3412 nequa·

190 3537 211 3598 ²)
228 3532 294 3586 Luc.
312 3533 354 3600 16,
371 3534 414 3590 24.
433 3567 466 3575 -
484 3536 504 3599 ²)
523 3536 604 3590 Exod.
623 3535 664 3602 32,
683 3537 708 3592 6.
729 3567 759 3577 -
780 3536 804 3607 ⁸)
822 3537 886 3593 Gon.
904 3537 930 3606 3,
949 3539 990 3592 tl.
1010 3569 1041 3580 -
1061 3539 1081 3608 ⁴>
1099 3543 1154 3596 Jer·

224 3619 266 3687 39,
285 3619 310 3676 9.
345 3621 371 3676 4.
389 3623 455 3692 Reg.
473 3623 515 3692 25,
533 3621 575 3680 10.
