2554 4172
540 133 742 198 ..90..

136 299 381 370 manifestioris
404 321 447 364 ex
468 299 574 365 latere
585 300 771 385 requisitae
782 301 983 389 improperio
1002 301 1148 370 oonfun·

141 404 283 484 duntur3
312 411 349 466 ut
370 422 413 464 ex
436 422 491 482 eo,
523 397 613 486 quod
640 395 820 466 defendere
849 409 1038 487 nequeunt,
1062 423 1144 486 eog-

142 509 284 580 nosoant
305 523 341 565 se
363 511 478 565 tenere
500 496 667 583 improbe,
691 495 781 584 quod
802 497 996 566 defendunt.
1039 497 1145 566 Unde

137 623 216 666 oum
238 611 392 687 proterve
421 595 548 664 Paulus
572 597 759 664 Corinthios
790 597 967 664 adversum
998 623 1032 665 se
1054 598 1146 666 invi·

137 722 216 766 eem
236 699 366 766 videret
393 697 545 779 inflatos,
576 705 614 762 ut
639 695 727 762 alius
748 696 867 780 Pauli,
897 697 982 764 alius
1004 697 1142 784 Apollo,

141 798 232 865 alius
256 796 409 886 Cepheo,
434 795 519 863 alius
543 795 670 863 Christi
691 818 765 862 esse
787 820 823 862 se
845 796 980 879 diceret,
1000 795 1025 884 1)
1049 799 1142 866 inoe-

140 906 216 964 stus
238 896 366 984 eulpam
388 897 422 959 in
451 895 593 961 medium
617 895 772 979 deduxit,
803 919 889 982 quoe
910 898 1001 984 opud
1028 920 1083 965 eos
1106 907 1145 964 et

142 1007 335 1085 perpetrata
362 996 483 1077 fuerat,
514 1005 547 1060 et
569 999 752 1064 incorrecta
774 997 986 1080 remanebat,
1011 997 1155 1064 dicens:

143 1096 322 1164 Auditur
344 1097 458 1160 inter
480 1119 552 1162 vos
573 1097 842 1179 fornicatio,
874 1106 911 1162 et
933 1097 1035 1162 talis
1056 1096 1140 1164 for-

143 1198 339 1276 nicatio,
372 1195 520 1283 qualis
550 1217 627 1262 nec
653 1198 768 1262 inter
801 1189 970 1283 gentes,
1002 1199 1064 1262 its
1093 1205 1142 1262 ut

142 1318 308 1363 uxorem
330 1296 470 1380 patris
494 1296 589 1381 quis
612 1295 773 1360 habeat.
818 1296 867 1360 Et
889 1318 961 1361 vos
992 1294 1140 1361 inflati

143 1396 244 1460 estis
277 1402 316 1456 et
343 1417 431 1463 uon
462 1397 595 1478 magis
628 1395 786 1460 luctum
815 1395 1063 1479 habuistis,
1095 1403 1140 1460 ut

141 1492 370 1558 tolleretur
394 1495 440 1558 de
463 1494 595 1560 medio
618 1504 823 1574 vestrum,
848 1493 919 1579 qui
941 1493 1014 1558 hoo
1037 1515 1138 1579 opus

137 1591 255 1657 feeit.
270 1594 296 1678 ²)
339 1591 389 1657 Ao
413 1593 441 1658 si
463 1602 579 1678 aperte
602 1593 703 1658 dieat:
733 1591 824 1673 Quid
846 1616 906 1657 vos
928 1615 988 1678 per
1009 1604 1138 1678 proter·

138 1695 228 1757 ‘viam
250 1691 351 1778 hujus
373 1691 427 1756 vel.
449 1691 541 1756 illius
564 1692 688 1774 dicitis,
717 1693 774 1778 qui
796 1714 857 1778 per
887 1690 1138 1765 dissolutionem

141 1791 372 1876 negligentiae
395 1789 521 1857 nullius
543 1813 603 1856 vos
625 1813 698 1856 esse
720 1791 918 1856 mostratis?

203 1893 248 1956 At
259 1899 386 1974 eontra,
400 1890 634 1976 pusillanimes
648 1891 760 1978 aptius
773 1890 816 1955 ad
830 1891 893 1955 iter
907 1889 1001 1954 ¹bene
1016 1891 1140 1975 agendi

138 1989 350 2073 reducimus,
385 1993 414 2057 si
437 1990 602 2078 quaedam
624 1990 756 2056 illorum
779 1989 869 2054 hona
892 1985 1063 2054 exlatere
1085 2011 1136 2054 re-

138 2091 330 2177 quiramus,
358 2101 395 2156 ut
418 2091 496 2156 dum
518 2091 554 2156 in
576 2091 623 2154 eis
652 2087 721 2153 alio
743 2087 1014 2174 reprehendendo
1036 2088 1133 2152 corri-

140 2190 259 2276 pimus,
284 2188 349 2255 alia
372 2188 601 2276 amplectendo
623 2186 812 2269 leudemus3
836 2197 1000 2273 quatenus
1022 2205 1134 2248 eorum

138 2288 393 2355 teneritudinem
425 2289 501 2355 leus
529 2286 644 2353 auditu
666 2286 810 2367 nutriat,
841 2307 941 2371 quam
962 2282 1060 2368 eulpa
1081 2284 1132 2349 in-

136 2395 277 2477 orepsta
299 2391 452 2473 castigat.
496 2386 696 2472 Plerumque
719 2396 828 2452 autem
847 2385 965 2452 utilius
987 2381 1079 2470 apud
1098 2382 1136 2448 il·

139 2486 189 2553 los
210 2487 412 2574 proficimus,
438 2489 467 2552 si
490 2496 522 2551 et
545 2504 656 2549 eorum
679 2484 765 2549 bene
788 2495 884 2570 gesta
906 2503 1136 2548 memoramus.

139 2587 184 2652 Et
212 2590 240 2652 si
268 2608 335 2674 qua
365 2588 409 2652 ab
433 2587 498 2652 eis·
513 2583 699 2652 inordinate
729 2594 825 2669 gesta
847 2593 942 2667 sunt,
972 2604 1039 2647 uon
1064 2583 1137 2668 jam

138 2695 308 2773 tamquam
341 2695 532 2773 perpetrata
559 2685 769 2771 corripimus,
799 2684 858 2749 sed
886 2685 985 2769 qussi
1015 2679 1136 2762 sdhuo,
1202 2691 1205 2698 '

139 2808 181 2852 ne
203 2787 392 2872 perpetrari
414 2783 570 2868 debeant,
593 2783 821 2871 prohibemus,
844 2793 935 2848 utet
956 2781 1023 2862 ills,
1047 2802 1136 2868 quus

138 2885 375 2973 approbamus,
398 2883 509 2950 illotus
522 2883 767 2970 favoraugeut‚
790 2891 824 2946 et
832 2892 947 2947 eontra
970 2902 1022 2963 es,
1047 2899 1135 2966 quse

137 2983 430 3071 reprehendimus,
454 2987 561 3069 magis
583 2982 672 3069 opud
694 2981 925 3070 pusillanimos
948 2978 1136 3046 exhortatio

136 3083 328 3152 verecundo
362 3082 586 3150 convalescet.
643 3083 740 3149 Unde
773 3081 862 3146 idem
895 3078 1024 3146 Paulus
1061 3099 1135 3143 oum

138 3181 457 3250 Thessalonicenses
484 3185 520 3251 in
550 3193 688 3270 sooepts
723 3179 977 3270 praedieatione
1012 3176 1134 3266 perdu-

135 3297 266 3367 rantes,
296 3284 394 3370 qussi
417 3283 457 3349 de
480 3284 590 3351 vicino
612 3281 728 3348 mnndi
752 3281 891 3345 termino
914 3277 1060 3367 quadum
1082 3297 1135 3342 oo·

134 3394 314 3470 gnosoeret
324 3382 600 3470 pusillanimitate
614 3380 777 3463 turbatos,
800 3380 894 3466 prius
907 3379 943 3444 in
966 3379 1025 3460 eis,
1048 3395 1135 3462 quse

172 3597 191 3656 ι)
213 3596 235 3649 ι.
254 3594 313 3648 cor.
328 3563 356 3661 ¹1,
375 3594 417 3647 12.
435 3599 460 3648 s
476 3593 501 3660 s,
519 3591 544 3645 t.
565 3623 598 3632 -
617 3592 641 3660 ι)
661 3594 684 3646 1.
704 3593 763 3650 oe.
785 3591 811 3658 s,
832 3589 856 3642 1.
874 3591 899 3642 2.
