2554 4172
549 189 776 256 ..126-

83 387 91 402 =
160 357 339 444 1111ρὶ111,
362 377 503 446 eumque
525 368 642 424 oontrs
664 357 863 424 nascentem
884 355 1077 424 dissimulat
1087 379 1169 424 rer·

159 455 280 524 borum
297 457 415 546 jacula
437 456 598 541 reddere,
622 456 721 544 qussi
735 467 992 545 persequentem
1009 475 1077 523 uon
1091 458 1174 525 vult

159 554 274 623 ferire.
317 555 386 623 Sed
414 579 489 622 oum
518 555 673 622 iracundi
702 554 795 621 nulla
825 555 1091 622 consideratione
1127 575 1171 622 se

160 657 336 742 mitigant,
369 667 404 722 et
426 657 524 744 quasi
545 655 649 722 Asael
670 656 830 741 persequi
858 664 893 721 et
918 657 1066 722 insanire
1094 677 1167 720 non

161 766 310 839 oossant3
340 775 477 822 necesse
503 763 569 838 est,
608 763 646 820 ut
667 756 717 835 hi,
743 753 801 842 qui
821 753 976 820 furentes
997 763 1170 820 conantur

159 857 360 940 reprimere,
392 876 607 943 nequaquam
636 875 672 919 se
701 855 737 918 in
767 852 882 920 furore
911 855 1044 937 erigant
1055 901 1065 933 ,
1105 852 1168 917 sed

131 957 133 965 '
164 953 329 1042 quidquid
351 964 402 1020 est
423 953 677 1040 tranquillitatis
691 951 883 1035 ostendant3
907 951 1168 1038 quosdamvero

163 1052 334 1120 subtiliter
354 1053 546 1141 proferant,
577 1055 613 1118 in
640 1052 764 1139 quibus
794 1071 836 1118 ex
863 1051 997 1139 obliquo
1019 1051 1169 1116 furentis

161 1154 311 1218 autunum
332 1163 494 1239 pungant
539 1152 638 1219 Unde
662 1160 695 1216 et
715 1150 831 1217 Abner
854 1158 1066 1217 cumcontra
1088 1173 1166 1237 per·

161 1264 357 1360 sequeqem
390 1251 558 1334 substitit,
597 1275 663 1318 non
697 1272 773 1317 eum
809 1260 919 1332 reeta,
953 1249 1012 1315 sed
1040 1272 1167 1316 aversa

160 1348 259 1416 hasta
287 1352 518 1417 transforavit
562 1351 617 1416 Ex
644 1373 802 1417 mucrone
831 1353 957 1438 quippe
987 1359 1165 1436 percutere

161 1457 212 1513 est
240 1451 365 1534 impetu
394 1461 531 1537 apertae
558 1451 799 1537 increpationis
832 1449 981 1516 obviare.
1031 1448 1167 1514 Averso

159 1566 240 1613 vero
267 1547 366 1614 hasta
393 1561 648 1637 persequentem
676 1551 778 1616 ferire
807 1559 859 1614 est
884 1549 1046 1616 furentem
1069 1559 1164 1616 tran·
1256 1571 1257 1598 1

159 1645 265 1733 quille
288 1669 331 1712 ex
354 1648 555 1734 quibusdam
576 1660 716 1736 tangere
738 1659 771 1715 et
794 1651 891 1736 qnasi
913 1647 1084 1735 parcendo
1107 1673 1163 1715 su·

158 1764 288 1832 perere.
330 1747 435 1813 Aeas!
459 1758 570 1816 autem
591 1752 743 1839 protinus
765 1748 949 1828 oooumbit,
973 1749 1054 1838 quis
1076 1771 1159 1814 eoru·

157 1854 268 1910 motae
289 1857 417 1912 mentes
428 1897 439 1930 ‚
462 1848 540 1913 dum
562 1857 596 1914 et
617 1850 711 1936 parci
733 1849 797 1913 sibi
820 1848 977 1930 sentiunt,
1000 1858 1164 1913 ettamen

157 1965 394 2031 responsorum
429 1950 560 2015 ratione
591 1949 626 2016 in
658 1949 784 2014 intimis
818 1947 881 2013 sub
912 1946 1162 2033 tranquillitate

158 2046 343 2130 tanguntur
349 2095 360 2129 ,
384 2047 427 2112 ab
449 2068 504 2130 eo,
529 2047 617 2134 quod
633 2070 668 2114 se
684 2055 872 2127 erexerant,
897 2044 1009 2112 statim
1024 2044 1159 2110 cadunt.
1258 2089 1259 2132 q

158 2139 228 2221 Qui
251 2165 332 2230 ergo
354 2167 374 2210 a
395 2146 539 2213 fervoris
557 2149 582 2229 ¹)
606 2148 658 2213 sui
679 2147 804 2234 impetu
827 2144 889 2210 sub
912 2142 1059 2209 lenitatis
1080 2163 1157 2228 por·
1258 2155 1259 2168 *

157 2243 312 2309 eussioue
333 2245 505 2330 resiliunt,
530 2247 628 2332 quasi
651 2247 722 2310 sine
743 2247 833 2310 ferro
854 2244 1048 2308 moriuntur.

483 2426 680 2494 CAPUT
719 2427 832 2494 XVII.

278 2551 449 2619 Quomodo
475 2522 685 2606 admonendi
712 2553 863 2607 humiles
888 2553 1042 2607 stolati.

218 2683 329 2752 Aliter
350 2685 551 2756 admonendi
569 2701 647 2756 sunt
658 2687 812 2774 humiles,
836 2701 937 2775 atque
949 2689 1048 2755 aliter
1064 2687 1151 2753 11111.

156 2783 232 2853 11111
263 2767 503 2853 111111111111
532 2799 600 2870 est,
633 2811 733 2876 quam
760 2791 804 2855 sit
831 2811 914 2854 vera
944 2787 1154 2870 excellentia,

157 2907 258 2974 quam
285 2886 453 2972 sperando
480 2897 610 2971 tenent;
636 2890 711 2956 istis
733 2911 812 2958 vero
839 2887 1064 2954 intimandum
1093 2898 1155 2967 est,

157 3005 258 3074 quam
281 2986 323 3052 sit
344 2985 442 3053 nulla
463 2988 658 3078 temporalis
679 2989 805 3076 gloria,
830 3011 930 3076 quam
952 2997 986 3052 et
1009 2985 1154 3071 amplec-

156 3090 267 3148 tentes
300 3107 367 3150 non
398 3094 525 3156 tenent.
577 3087 729 3155 Audiant
760 3085 919 3170 humiles,
954 3107 1055 3173 quam
1088 3085 1157 3148 sint

155 3191 308 3265 aeterna,
331 3206 418 3272 quae
434 3195 607 3274 appetunt,
632 3210 733 3276 quam
747 3185 954 3269 transitoria,
977 3205 1065 3272 quae
1078 3206 1155 3250 oon-

137 3288 321 3357 ¹tetrinunt:
343 3283 483 3352 audiant
504 3283 604 3370 eluti,
627 3309 727 3374 quam
749 3286 816 3354 sint
837 3285 1043 3365 transitoria,
1068 3303 1157 3366 quae
1186 3354 1188 3359 ,

139 3378 325 3465 ambiunt,
358 3405 458 3472 quam
486 3396 645 3467 aeterna,
678 3406 765 3471 quae
797 3380 952 3472 perdunt.
1004 3379 1157 3447 Audisnt

154 3477 299 3578 humiles
320 3504 364 3551 ex
385 3484 547 3568 magistre
568 3506 650 3551 voce
672 3482 850 3551 Veritatis:
884 3481 1047 3562 Omnis,
1079 3478 1157 3568 qui

154 3599 382 3616 m*
390 3608 434 3616 ...-

191 3657 211 3724 Ι1
227 3657 291 3713 Alit.
309 3660 414 3718 [1110111.
