2520 4152
550 144 770 213 -lil-

160 333 229 398 gor
248 310 428 380 inveniens
448 331 658 400 nequaquam
678 332 756 378 mox
778 321 935 382 montana
955 313 1166 392 conscendit

168 411 349 481 Ardentem
372 415 497 502 qnippe
519 409 692 476 Sodomam
711 410 830 498 fugere
851 413 1031 502 estillicita
1048 415 1165 483 carnis
1252 469 1253 478 ,

166 508 327 580 incendia
338 509 511 579 declinare
552 508 699 578 Altitudo
720 533 800 578 vero
813 513 972 578 montium
992 523 1043 580 est
1064 536 1165 582 mun·

166 607 252 674 ditia
275 613 519 679 continentium.
561 607 626 674 Vel
648 617 738 676 certe
760 613 858 698 quasi
885 612 922 678 in
942 624 1052 678 monte
1074 624 1166 693 sunt,

165 711 228 794 qui
249 713 351 778 etiam
371 709 499 780 carnali
518 707 658 796 copulae
679 709 868 790 inhaerent,
891 711 950 777 sed
970 720 1083 778 tamen
1104 733 1166 778 ex·

163 816 220 878 tra
243 809 473 899 suscipiendae
501 805 604 894 prolis
632 808 869 876 admixtionem
890 808 1045 892 debitam,
1068 809 1166 880 nulla

167 913 284 978 cunis
305 911 474 993 voluptate
497 905 680 980 solvuntur.
723 909 766 976 In
786 919 896 976 monte
918 908 1042 998 quippe
1069 921 1165 1004 stare

169 1021 222 1078 est
243 1012 309 1078 nisi
328 1009 470 1074 fructum
489 1008 686 1096 propaginis
702 1009 852 1076 incarne
868 1032 933 1075 non
946 1030 1121 1097 quaerere.
1138 1011 1166 1096 ²)

168 1109 212 1176 In
233 1118 341 1174 monte
370 1115 458 1172 stare
481 1116 531 1171 est
552 1109 647 1174 carni
671 1107 852 1174 carnaliter
881 1130 949 1176 non
970 1107 1167 1174 adhaerere.

170 1208 240 1278 Sed
261 1209 339 1296 quia
360 1203 457 1270 multi
478 1215 566 1289 sunt,
590 1208 648 1294 qui
668 1207 797 1274 scelera
815 1208 948 1295 quidem
970 1208 1081 1273 carnis
1103 1207 1165 1274 de·

169 1317 294 1386 serunt,
316 1323 375 1370 nec
395 1312 508 1373 tamen
520 1307 555 1372 in
570 1307 726 1393 conjugio
736 1308 837 1394 positi
857 1328 940 1374 usus
956 1306 1164 1376 solummodo

168 1405 272 1472 debiti
285 1405 367 1489 jure
389 1419 603 1473 conservant:
624 1406 708 1471 exiit
729 1405 864 1491 quidem
874 1404 959 1472 Loth
976 1405 1165 1489 Sodomam,

166 1501 226 1570 scd
247 1513 360 1568 tamen
380 1525 458 1571 mox
479 1502 522 1571 ad
537 1513 694 1571 montana
715 1526 783 1574 non
804 1507 967 1589 pervenit,
990 1507 1070 1595 quia
1088 1507 1163 1594 jam

125 1643 129 1666 ,
165 1599 365 1669 damnabilis
380 1603 451 1668 vita
472 1602 679 1691 relinquitur,
702 1604 760 1674 sed
774 1605 883 1673 adhuc
894 1606 1058 1672 celsitudo
1080 1628 1159 1674 con·

161 1699 291 1788 jugalis
317 1705 544 1770 continentiae
575 1704 779 1788 subtiliter-²)
808 1729 875 1772 non
909 1715 1052 1772 tenetur.
1097 1705 1155 1772 Est

164 1823 242 1870 vero
263 1803 299 1865 in
320 1802 428 1888 medio
451 1803 557 1889 Segor
579 1806 714 1886 civitas,
738 1827 825 1892 quac
845 1805 1028 1892 fugientem
1049 1806 1160 1873 salvet

164 1901 345 1968 infirmum:
368 1904 449 1991 quia
462 1904 625 1987 videlicet,
647 1925 721 1972 cum
737 1905 800 1972 sibi
811 1929 872 1996 per
885 1907 1163 1974 incontinentiam

162 2000 344 2070 miscentur
365 2007 541 2092 conjuges,
570 2015 604 2071 et
624 2005 740 2092 lapsus
763 2005 927 2072 scelerum
947 2006 1096 2091 fugiunt,
1125 2014 1163 2072 et

162 2109 273 2168 nmen
295 2104 394 2169 venia
417 2103 598 2172 salvantur.
643 2103 752 2185 Quasi
772 2127 911 2192 parvom
933 2105 1056 2190 quippe
1077 2105 1163 2169 civi-

162 2207 264 2269 tatem
292 2205 487 2283 inveniunt,
517 2206 553 2270 in
582 2227 650 2292 qua
679 2203 723 2270 ab
753 2201 889 2288 ignibus
921 2201 1163 2268 defendantur:

162 2301 245 2387 quia
268 2303 454 2389 conjugalis
475 2303 560 2370 haec
580 2307 651 2371 vita
672 2327 740 2371 non
764 2301 895 2388 quidem
916 2300 951 2362 iu
973 2294 1161 2367 virtutibus
1251 2315 1252 2320 ’

163 2399 250 2466 mira
273 2410 331 2482 est,
355 2401 414 2468 sed
434 2415 546 2468 tamen
558 2425 579 2468 a
596 2401 770 2490 suppliciis
788 2417 914 2463 secura.
950 2393 1048 2461 Unde
1069 2392 1187 2461 idem‘

162 2499 253 2569 Loth
274 2501 318 2567 ad
337 2499 508 2587 Angelum
529 2503 623 2568 dicit:
652 2499 724 2564 Est
750 2497 907 2562 civitas
929 2494 998 2562 hic
1022 2495 1160 2582 juxta,

163 2598 216 2668 ad
236 2623 352 2688 quam
373 2623 537 2688 possum
557 2598 709 2682 fugere,
730 2617 876 2684 parva,
898 2605 937 2662 et
959 2591 1159 2662 salvabor

164 2699 206 2768 in
234 2721 291 2766 ea.
335 2697 547 2786 Numquid
574 2719 655 2762 non
680 2697 841 2762 modica
869 2704 943 2775 est,
973 2703 1013 2758 et
1041 2694 1156 2761 vivet

161 2800 300 2867 anima
321 2819 408 2864 moa
428 2801 471 2862 in
494 2793 606 2880 eat-³)
628 2795 734 2862 Juxta
757 2817 836 2882 ergo
851 2793 982 2874 dicitur,
1003 2779 1158 2860 ettincn

164 2898 210 2964 ad
232 2898 371 2964 salutem
392 2894 685 2980 tutaperhibetur3
708 2897 789 2983 quia
800 2892 987 2982 conjugalis
1001 2893 1072 2959 vita
1092 2913 1159 2958 nec

163 3022 186 3066 a
207 2994 435 3078 mundolonge
451 2991 559 3060 divisa
572 3004 632 3074 est,
653 3017 716 3061 nec
729 3004 840 3062 tamen
861 2993 1016 3080 agaudio
1038 2991 1159 3094 oglatis

162 3097 284 3164 aliena.
328 3092 394 3160 Sed
422 3101 503 3160 tunc
530 3095 565 3162 in
593 3092 658 3158 hac
678 3094 810 3161 actione
831 3095 935 3161 vitam
964 3115 1057 3160 suam
1079 3113 1159 3158 con·

159 3198 262 3287 juges
275 3192 373 3280 qussi
395 3193 428 3257 in
443 3215 553 3282 parva
574 3193 709 3260 civitate
719 3193 921 3273 custodiunt,
942 3190 1077 3276 quando
1098 3213 1160 3277 pro

169 3357 451 3372 b*

192 3442 348 3512 lim-1¹¹
372 3447 457 3500 ΝΟΜ
482 3444 580 3512 (illim
605 3445 675 3496 ⁸²8⁰
700 3441 836 3509 quidest,
859 3440 915 3495 nisi
938 3437 1043 3492 fructus
1059 3451 1159 3506 propn—
1248 3421 1249 3436 ³

170 3554 175 3573 ¹
233 3531 305 3598 gina
321 3531 353 3584 tn
368 3544 446 3584 earne
461 3543 515 3586 uon
530 3541 665 3599 owar-
684 3553 714 3566 -
734 3524 755 3591 ἓ)
772 3527 837 3582 atti.
855 3525 1013 3585 coutimini.

195 3616 298 3681 'lffln
316 3618 362 3685 te,
387 3617 431 3674 att.
