2556 4150
548 183 752 248 ..52-

159 371 204 416 se
227 349 417 435 negotiis
441 347 731 429 secularibus,
754 356 799 413 ut
821 347 857 409 ei
878 345 1063 433 placeat,
1086 344 1155 410 eui

160 473 204 516 se
225 446 430 537 probavit
447 446 472 530 ¹)
513 447 602 514 Hinc
622 446 797 512 Ecclesiae
825 445 1011 512 rectoribus
1039 453 1073 509 et
1093 463 1153 509 va·

158 549 260 616 candi
282 547 390 615 studia
405 548 579 636 praecipit,
603 557 636 613 et
653 545 850 614 consulendi
872 544 1021 612 remedia
1043 551 1153 612 osten·

158 651 225 730 dit,
249 648 381 714 dicens:
410 646 634 713 Secularia
664 649 801 732 igitur
825 645 998 732 judicia
1027 646 1062 710 si
1088 645 1154 712 ha·

159 748 359 830 bueritis,
390 745 706 812 contemtibiles
736 749 806 831 qui
829 754 927 812 sunt
948 746 992 810 in
1013 744 1154 811 Eccle-

159 849 240 931 sia,
272 847 375 912 illos
402 847 653 912 constituite
681 846 728 912 ad
751 844 1047 932 judicandum,
1066 841 1092 928 ²)
1114 856 1154 914 ut

157 950 224 1037 ipsi
255 946 412 1013 videlicet
440 945 744 1032 dispensationibus
780 946 923 1012 terrenis
955 945 1155 1028 inserviant,

158 1071 241 1134 quos
264 1046 349 1114 dona
380 1046 543 1133 spiritalia
575 1068 642 1113 non
664 1056 839 1113 exornant.
882 1045 932 1112 Ao
954 1047 982 1110 si
1003 1046 1154 1131 apertius

157 1148 264 1214 dicat:
288 1147 377 1227 Quia
399 1155 574 1234 penetrare
603 1147 719 1211 intima
739 1157 930 1232 nequeunt,
954 1146 1071 1213 saltem
1093 1168 1151 1212 ne·

157 1247 305 1312 cessaria
319 1245 401 1311 foris
414 1255 603 1333 operentur.
644 1245 733 1310 Hinc
747 1247 893 1330 Moyses,
917 1247 1062 1332 quicum
1077 1243 1151 1312 Deo

154 1345 312 1430 loquitur,
334 1345 356 1410 J
358 1345 453 1412 etbro
465 1344 677 1428 alienigenae
689 1347 948 1430 reprehensione
965 1344 1151 1432 judicatur,

156 1443 246 1529 quod
267 1445 409 1512 terrenis
432 1444 633 1532 populorum
660 1445 803 1528 negotiis
827 1443 928 1510 stulto
957 1443 1072 1510 labore
1094 1443 1150 1508 de-

156 1545 296 1608 serviat:
325 1546 380 1610 oui
402 1533 435 1609 <it
457 1541 630 1610 consilium
652 1565 728 1608 mox
748 1543 950 1631 praebetur,
973 1553 1011 1608 ut
1031 1566 1091 1629 pro
1115 1565 1151 1608 se

155 1641 239 1710 alios
261 1641 306 1708 ad
324 1644 441 1730 jurgia
456 1640 642 1708 dirimenda
656 1645 847 1725 constituat,
870 1652 904 1707 et
924 1644 997 1730 ipse
1010 1640 1153 1716 liberius

153 1740 199 1809 ad
209 1742 409 1810 erudiendos
419 1741 560 1829 populos
575 1741 772 1825 spiritalium
794 1763 917 1808 areana
931 1739 1153 1825 cognoseat-³)

196 1842 227 1906 A
241 1841 392 1908 'subditis
414 1863 494 1925 ergo
516 1842 677 1908 inferiora
698 1840 847 1927 gerenda
872 1851 967 1921 sunt,
1001 1862 1021 1904 a
1042 1848 1150 1904 recto·

151 1940 388 2006 ribussumma
403 1940 593 2026 cogitanda,
616 1953 654 2007 ut
668 1940 794 2008 scilicet
804 1939 950 2021 oculum,
975 1940 1032 2026 qui
1054 1959 1153 2024 prae-

151 2038 310 2106 videndis
340 2039 511 2125 gressibus
540 2041 763 2126 praeeminet,
798 2061 879 2106 cura
907 2036 1054 2126 pulveris
1080 2059 1152 2104 non

151 2139 317 2215 obscuret
362 2138 474 2227 Caput
499 2161 644 2226 namque
673 2136 899 2226 subjectorum
927 2146 1006 2204 sunt
1027 2136 1151 2220 cuncti,

152 2240 213 2326 qui
232 2247 416 2326 praesunt3
439 2249 472 2304 et
494 2250 531 2305 ut
551 2249 643 2304 recta
654 2239 756 2327 pedes
778 2237 917 2303 valeant
931 2237 1055 2304 itinera
1076 2259 1149 2302 oar·

151 2359 245 2420 pere,
268 2337 354 2402 baec
374 2336 491 2422 procul
512 2336 613 2402 dubio
640 2347 741 2424 eaput
767 2335 866 2402 debet
888 2358 930 2401 ex
951 2336 1017 2402 alto
1037 2338 1148 2422 provi·

153 2435 254 2518 dere,
284 2458 326 2502 ne
353 2459 374 2500 a
405 2443 582 2522 provectus
618 2438 670 2500 sui
698 2437 816 2502 itinere
848 2436 951 2522 pedes
979 2446 1149 2525 torpeant,

152 2557 227 2600 cum
249 2545 388 2600 curvata
408 2533 609 2600 rectitudine
632 2537 777 2618 corporis
797 2546 900 2623 eaput
924 2559 997 2604 sese
1019 2537 1063 2604 ad
1083 2548 1148 2602 ter·

149 2655 223 2699 ram
244 2632 398 2700 declinat.
443 2634 521 2715 Qua
543 2644 653 2702 autem
676 2645 786 2700 mente
802 2637 987 2702 animarum
1010 2637 1148 2724 praesul

151 2733 279 2800 bonore
301 2731 461 2820 pastorali
490 2736 577 2798 inter
599 2744 727 2800 ceteros
749 2736 872 2819 utitur,
899 2737 927 2801 si
950 2737 983 2802 in
1006 2737 1150 2802 terrenis

152 2834 309 2918 negotiis,
334 2854 420 2919 quae
444 2832 688 2918 reprehendere
709 2835 746 2898 iu
767 2835 843 2900 aliis
867 2835 995 2917 debuit,
1020 2839 1148 2924 etipse

150 2933 334 3012 uersatur?
377 2931 477 3012 Quod
504 2933 659 3000 videlicet
680 2956 723 2998 ex
743 2935 794 2998 ira
818 2936 933 3022 justae
955 2933 1146 3003 retributio·

147 3033 204 3096 nis
224 3053 285 3115 per
313 3030 512 3118 prophetam
533 3032 697 3100 Dominus
726 3036 889 3116 minatur,
924 3033 1053 3103 dicens:
1090 3033 1148 3099 Et

149 3132 240 3201 erit
261 3131 378 3196 sicut
406 3131 611 3220 populus,
643 3134 705 3200 sio
728 3135 942 3201 sacerdos.
959 3134 988 3220 ¹⁴)
1033 3133 1147 3202 Sacer·

148 3231 211 3298 dos
234 3230 358 3319 quippe
381 3239 431 3296 est
452 3241 489 3296 ut
509 3233 669 3317 populus,
699 3233 833 3322 quando
857 3257 898 3300 ea
918 3235 989 3319 agit
1009 3236 1057 3315 is,
1088 3234 1147 3321 qui

149 3330 297 3416 spiritali
319 3329 428 3398 officio
449 3329 618 3416 fungitur,
651 3357 737 3421 quae
759 3332 811 3398 illi
832 3335 988 3402 nimirum
1007 3333 1148 3416 faciunt,

165 3559 196 3624 ι’)
214 3559 238 3610 2·
256 3558 320 3612 Tim.
338 3561 363 3627 2,
381 3559 407 3616 4.
433 3589 466 3598 -
491 3559 555 3625 ²)1.
575 3561 633 3616 Gor.
661 3562 686 3631 6,
713 3561 738 3619 l.
765 3593 798 3602 -
823 3562 847 3632 ⁸)
863 3565 946 3619 Exod.
969 3563 1008 3631 18,
1036 3564 1077 3620 17.
1103 3561 1144 3616 18.

219 3673 250 3680 ·-
270 3640 292 3713 ⁴)
310 3644 377 3702 Osee
395 3646 419 3713 4,
438 3648 463 3707 9.
1058 3659 1063 3672 ·
