2520 4152
479 195 703 262 ..171-

101 371 179 439 sulit
199 367 364 454 conjugiis
385 365 540 451 obligati,
566 371 604 428 ut
625 384 699 428 cum
726 357 873 425 vicissim
893 377 988 444 'quae
1011 363 1096 420 sunt

99 469 238 536 alterius
259 467 417 552 cogitant,
441 466 622 530 siccorum
642 456 934 547 quisqueplacere
956 452 1095 520 studeat

101 569 258 656 conjugi,
280 574 317 631 ut
346 587 412 630 non
442 561 617 649 displiceat
639 557 830 626 Conditoria
862 557 911 622 sic
932 577 973 622 ea
1001 577 1090 645 quae

100 663 337 755 hujusmundi
360 673 438 731 sunt
459 670 578 748 agant,
609 669 646 724 ut
665 668 777 724 tamen
800 666 977 746 appetere,
1001 677 1090 744 quae

100 767 169 832 Dei
190 776 283 848 sunt,
310 787 377 834 non
398 765 561 830 omittant:
592 761 640 825 sic
661 758 701 823 de
732 758 827 823 bonis
857 754 1091 845 praesentibus

102 865 284 953 gaudeant,
308 872 346 931 ut
366 873 478 930 tamen
499 859 641 926 sollicita
652 855 835 926 intentione
850 855 937 921 mala
954 865 1092 921 aeterna

100 967 352 1055 pertimescant3
376 963 423 1028 sic
446 961 486 1028 de
507 959 602 1024 malis
622 955 860 1043 temporalibus
881 953 1031 1041 lugeant,
1054 961 1093 1021 ut

101 1075 214 1132 tamen
236 1061 462 1129 consolatione
473 1061 604 1143 integra
619 1079 710 1144 spem
724 1055 868 1121 inbonis
889 1053 1092 1141 perennibus

100 1165 222 1250 ligant:
250 1169 418 1249 quatenus
445 1157 522 1224 dum
551 1158 587 1223 in
617 1157 762 1222 transitu
788 1165 992 1240 cognoscunt
1020 1179 1093 1224 esee

103 1262 194 1351 quod
214 1269 336 1346 agunt,
359 1261 394 1324 in
414 1259 585 1325 mansione
609 1254 698 1344 quod
721 1264 901 1342 appetunt3
922 1278 984 1322 nec
1005 1255 1094 1324 mala

102 1358 220 1427 mundi
241 1379 299 1425 cor
316 1359 491 1444 frangant,
523 1379 597 1422 cum
619 1375 695 1440 spes
719 1354 879 1420 bonorum
901 1355 1101 1425 coelestium·

102 1459 253 1542 roborat3
279 1478 341 1524 nec
368 1457 455 1523 bona
485 1455 673 1542 praesentis
694 1454 784 1519 vitae
805 1455 990 1540 decipiant,
1020 1479 1094 1522 cum

103 1569 259 1645 suspecta
281 1557 517 1643 subsequentia
533 1555 657 1642 judicii
669 1553 759 1619 mala
776 1555 981 1622 contristant.
1023 1555 1093 1622 Ita·

103 1679 168 1746 que
190 1658 322 1724 animus
346 1656 612 1722 Christianorum
635 1656 814 1740 conjugum
836 1663 869 1720 et
885 1653 1036 1720 infirmus
1060 1661 1095 1722 et

102 1755 222 1838 fidelis,
247 1757 355 1842 quiet
374 1753 475 1842 plene
490 1763 610 1818 cuneta
624 1752 822 1838 temporalia
831 1751 1006 1842 'despicere
1028 1775 1096 1820 non

104 1855 208 1935 valet,
231 1864 273 1918 et·
286 1862 396 1917 tamen
419 1852 565 1916 aeternis
599 1873 634 1916 se
656 1853 860 1938 conjungere
882 1871 942 1940 per
964 1852 1094 1918 deside·

104 1953 190 2019 rium
212 1951 317 2034 valet3
347 1953 499 2038 quamvis
530 1951 564 2014 in
586 1948 803 2016 delectatione
826 1951 937 2018 carnis
959 1954 1096 2019 interim

99 2054 226 2140 jaceat,
250 2071 416 2136 supernae
439 2051 511 2136 spei
531 2050 714 2116 refectione
736 2049 956 2117 convalescat.
999 2051 1096 2120 Etsi

103 2149 218 2235 habet,
242 2172 328 2237 quae
343 2150 458 2215 mundi
468 2158 546 2216 aunt
569 2149 606 2215 in
617 2171 681 2215 usu
696 2148 837 2232 itineris,
862 2159 981 2238 speret,
1008 2173 1095 2241 quae

102 2247 170 2316 Dei
192 2260 271 2316 suut
293 2249 326 2314 in
359 2250 470 2314 fructu
492 2249 736 2336 perventionis:
766 2270 828 2313 nec
854 2257 958 2314 totum
988 2275 1023 2316 se
1053 2251 1097 2320 ad

103 2348 182 2432 hoc,
218 2351 305 2437 quod
334 2351 406 2436 agit
439 2349 604 2431 conferat,
631 2371 675 2413 ne
697 2348 740 2413 ab
769 2370 823 2431 eo,
851 2347 939 2437 quod
960 2350 1097 2418 robuste

106 2471 243 2538 sperare
266 2451 390 2535 debuit,
414 2448 564 2516 funditus
587 2449 694 2514 cadat.
738 2447 836 2529 Quod
850 2449 936 2514 bene
959 2472 1000 2515 ac
1019 2450 1095 2520 bre·

104 2549 191 2615 viter
214 2549 342 2616 Paulus
364 2551 535 2638 exprimit,
557 2549 686 2615 dicens:
715 2547 797 2628 Qui
817 2545 978 2616 habent
998 2571 1094 2617 uxo·

103 2669 192 2731 res,
222 2643 432 2736 tamquam
456 2671 545 2739 ¹nen
577 2646 787 2714 habentes
821 2649 927 2731 sint3
958 2659 997 2714 et
1026 2647 1096 2736 qui

102 2745 229 2830 flent,
252 2758 453 2835 tamquam
474 2769 553 2812 non
575 2745 746 2830 flentes3
769 2749 890 2835 etqui
907 2748 1096 2831 gaudent,

103 2852 311 2932 tamqnam
343 2869 424 2912 non
452 2843 699 2930 gaudentes.
718 2844 744 2932 1)
792 2844 938 2910 Uxorem
971 2849 1096 2932 quippe

105 2944 204 3028 quasi
224 2966 290 3010 non
311 2943 466 3010 habendo
482 2943 598 3027 habet,
623 2946 681 3030 qui
704 2945 752 3008 sio
772 2965 832 3030 per
853 2943 944 3006 illam
967 2941 1096 3009 carnali
1116 2993 1119 3003 .

95 3038 326 3107 consolatione
353 3044 477 3124 utitur,
508 3052 545 3106 ut
573 3052 684 3108 tamen
710 3034 890 3126 numquam
919 3039 962 3104 ad
989 3061 1096 3128 prava

105 3159 208 3224 opera
230 3160 250 3202 a
270 3139 414 3207 melioris
443 3140 637 3206 intentionis
665 3138 862 3205 rectitudine
891 3139 964 3228 ejus
984 3161 1095 3208 amore

103 3233 267 3301 flectatur.
310 3237 458 3304 Uxorem
488 3240 588 3328 quasi
613 3260 679 3305 non
706 3237 859 3307 habendo
886 3238 1008 3324 habet,
1036 3239 1096 3328 qui

102 3334 301 3403 transitoria
330 3357 404 3405 ease
432 3347 552 3407 cuncta
580 3337 803 3426 conspiciens,
834 3361 950 3410 curam
984 3341 1095 3408 carnis

104 3455 148 3500 ex
168 3435 369 3504 necessitate
390 3433 528 3520 tolerat,
562 3437 621 3505 aad
648 3447 786 3512 aeterua
813 3440 938 3525 gandia
959 3439 1094 3530 spiritus

139 3645 202 3714 ar.
219 3645 278 3706 ce.
295 3648 321 3719 r,
338 3643 381 3704 ao.
399 3643 443 3706 ιο.
822 3730 867 3797 8*

410 3893 427 3924 ι
