2520 4152
496 167 721 242 -169-

109 343 258 440 populus
274 341 552 430 promissionibus
572 342 670 408 Dei
661 363 696 408 ιιι
706 339 926 432 longinquum
941 337 1126 422 erederet,

112 446 141 512 si
162 467 185 508 e
205 443 405 529 promissore
429 465 488 507 suo
509 463 576 506 non
598 441 699 506 etiam
721 439 863 505 evicino
882 438 1008 525 aliquid
1030 457 1104 525 per·

112 543 265 628 cepisset.
308 541 356 607 Ut
377 563 456 626 ergo
483 540 527 604 ad
555 549 762 606 aeternorum
789 539 887 604 fidem
909 538 1032 604 certius
1052 557 1106 622 ro-

113 640 261 723 boretur,
283 660 497 728 nequequam
521 637 724 706 solummodo
746 659 805 724 spe
825 637 867 702 ad
889 658 952 716 res,
975 634 1033 702 ssd
1053 655 1106 702 re·

108 737 179 805 bus
201 762 332 827 quoque
363 740 407 806 ad
435 759 525 826 spem
547 737 698 804 trahitur.
743 736 841 816 Quod
868 732 997 822 liquido
1018 732 1107 822 psal·

79 915 83 922 ⁸
113 841 213 904 mista
230 848 385 920 testatur,
408 837 537 902 disens:
559 835 689 901 Dedit
710 837 769 900 eis
791 837 988 923 regiones
1010 856 1106 920 gen·

110 929 236 1019 ¹tium,
267 947 306 1002 et
334 935 503 1002 labores
531 935 775 1022 populorum
802 932 1109 1021 possederunt:

115 1046 159 1103 ut
186 1033 437 1103 custodiant
465 1034 807 1122 justificationes
836 1034 947 1120 ejus,
979 1032 1105 1097 eole-

1 1185 2 1188 ,
115 1157 209 1222 gem
244 1134 341 1223 ejus
370 1134 608 1220 requirant.
637 1132 662 1214 ¹)
717 1131 782 1196 seo
810 1153 884 1197 oum
912 1131 1109 1218 largientem

114 1235 225 1299 Deum
247 1232 391 1298 humana
413 1253 504 1296 mens
525 1230 604 1298 boni
626 1233 737 1320 operis
758 1233 977 1320 responsione
992 1235 1019 1318 ²)
1041 1255 1111 1301 non

111 1332 287 1418 sequitur,
319 1323 407 1396 unde
436 1333 565 1397 nutrite
591 1333 647 1418 pie
676 1330 839 1414 ereditur,
877 1332 954 1398 inde
981 1335 1111 1422 justius

117 1429 301 1496 damnatur.
344 1430 433 1494 Hinc
460 1432 547 1496 enim
575 1453 635 1518 per
662 1429 871 1516 psalmistam
899 1453 1031 1497 rursum
1049 1433 1112 1498 'di-

112 1531 217 1596 'oiturz
254 1529 474 1617 Dejeoisti
503 1553 599 1612 eos,
636 1529 729 1594 dum
757 1528 1110 1617 allevarentur.⁵)

116 1627 206 1710 Quia
227 1628 384 1694 videlieet
405 1628 548 1716 reprobi,
572 1651 646 1693 eum
667 1639 761 1694 reeta
782 1651 883 1716 opera
894 1627 1017 1696 divinis
1039 1650 1112 1716 mu-

115 1728 256 1796 neribus
276 1750 343 1794 non
365 1729 570 1815 rependunt,
601 1751 675 1792 eum
697 1734 782 1794 totos
807 1726 917 1793 sebio
939 1727 1111 1813 deserunt,

115 1836 149 1891 et
171 1822 386 1892 affluentibus
409 1828 690 1914 prosperitatibus
707 1828 886 1911 dimittunt,
909 1826 998 1894 unde
1020 1837 1112 1894 exte·

116 1927 189 1988 rius
211 1925 408 2011 proficiunt,
434 1925 510 1989 inde
533 1925 576 1988 ab
606 1927 729 1992 intimis
761 1877 894 1992 eodeni.
937 1928 1025 1992 Hine
1047 1933 1111 2010 esi,

113 2022 239 2110 quod
230 2047 263 2088 m
287 2023 417 2090 inferno
439 2025 585 2090 erubieto
608 2022 704 2088 diviti
726 2006 864 2090 dicitur:
874 2025 1112 2111 Recepisti

117 2121 259 2188 bona
248 2146 289 2188 ιιι
312 2126 438 2189 vitat
444 2147 502 2188 ua.
521 2119 550 2208 i)
594 2123 723 2188 ldoirco
753 2111 839 2190 enim
867 2125 958 2192 bona
986 2125 1112 2192 biure'·

115 2223 205 2303 oepit
226 2232 259 2287 et
280 2220 400 2305 malus,
422 2233 459 2286 ut
479 2221 552 2288 illio
572 2222 706 2308 plenius
729 2223 817 2288 mala
830 2225 1007 2310 reciperet,
1032 2226 1112 2311 quie

115 2317 170 2385 hie
191 2319 304 2386 fuerat
325 2343 388 2412 nep
410 2343 471 2408 per
491 2319 580 2386 bona
604 2341 790 2386 conversus.

178 2418 360 2485 utcontra
382 2417 582 2486 admonendi
604 2430 693 2503 sunt,
718 2422 776 2510 qui
798 2443 838 2486 ea
855 2423 998 2508 quidem,
1023 2445 1112 2512 quae

118 2515 234 2582 mundi
264 2527 358 2599 sunt,
382 2519 638 2606 concupiscunt,
669 2519 726 2586 sed
754 2529 874 2585 tamem
896 2522 1113 2590 adversitatis

117 2613 236 2682 labore
257 2616 453 2702 fatigantur,
479 2628 515 2684 ut
527 2619 672 2686 sollicita
688 2619 954 2686 consideratione
972 2623 1113 2709 perperf-

71 2793 75 2801 .
117 2714 210 2798 dent,
234 2715 373 2782 Creator
396 2717 643 2806 dispositorque
655 2719 681 2805 ⁵)
704 2730 896 2785 cunctorum
913 2731 1040 2806 quante
1055 2743 1111 2786 su·

116 2835 177 2900 per
204 2838 262 2882 eos
290 2818 402 2900 gretia
430 2818 565 2903 vigilat,
597 2841 680 2906 quos
709 2820 745 2886 in
767 2821 828 2885 sua
855 2817 1022 2884 desideria
1045 2841 1112 2890 non

118 2911 258 2978 relaxat.
312 2914 425 3000 Aegro
458 2919 601 3005 quippe,
632 2940 730 3004 quem
759 2919 904 2985 medicus
940 2917 1111 3004 desperet,

118 3011 282 3095 concedit,
305 3025 342 3078 ut
351 3025 481 3098 cuneta,
499 3037 586 3102 quae
598 3017 813 3103 concupiscit,
838 3019 989 3101 accipiat.
1025 3017 1112 3085 Nam

119 3112 177 3198 qui
209 3114 322 3178 sanari
350 3101 447 3198 posse
480 3115 643 3196 ereditur,
675 3134 695 3179 a
728 3117 840 3182 multis
867 3139 952 3204 quae
983 3117 1112 3204 appetit

115 3206 333 3299 prohibetur,
357 3221 390 3277 et
410 3213 524 3297 pueris
553 3234 700 3278 nummos
723 3213 964 3300 subtrahimus,
979 3217 1112 3304 quibus

115 3317 187 3394 tota
209 3308 306 3374 simul
328 3311 529 3396 patrimonia
559 3308 739 3389 heredibus
759 3334 981 3394 reservamus.
1022 3315 1112 3385 Hine

37 3525 42 3536 '
120 3537 165 3610 J)
182 3540 227 3593 rs.
247 3537 306 3608 ιιι,
317 3537 359 3592 ιι.
387 3537 461 3607 --ιι
476 3537 541 3593 Am
567 3538 756 3610 repensione.
776 3523 862 3614 ὼ)
878 3541 924 3598 rs.
937 3544 989 3612 m,
1015 3541 1057 3600 ιι.
1075 3571 1110 3584 -
1194 3578 1214 3604 s

185 3621 207 3692 *ι
223 3623 288 3685 Lus.
306 3625 348 3696 ιι,
366 3623 408 3682 oo.
427 3654 459 3667 -
480 3622 503 3696 ὅ)
521 3626 584 3683 sus
609 3616 835 3699 ιιιριηιιιιιιὸιι
1031 3634 1034 3644 ⁴
1053 3641 1056 3646 ·

829 3715 849 3780 Β
