2554 4172
522 124 727 188 ...81-

128 307 216 374 quae
238 287 477 374 promittuntur
498 310 540 354 ex
561 310 678 374 regno.
719 289 865 360 Diseant
893 289 976 358 laeti
997 312 1041 359 ex
1061 293 1123 358 mi·

127 403 249 454 narum
284 385 484 473 asperitate,
525 389 612 475 qnod
649 391 804 470 timeant;
838 388 977 456 audiant
1009 391 1121 458 tristes

127 485 348 570 praemiorum
377 484 523 569 gaudia,
562 486 602 553 de
631 485 756 574 quibus
777 497 1002 572 praesumant.
1044 487 1122 556 Illis
1205 470 1211 489 l

129 584 255 670 quippe
276 584 414 650 dicitur:
443 586 530 651 Vae
551 586 693 668 vobis,
728 586 799 672 qui
818 584 978 652 ridetis
999 609 1120 670 nunc,

129 683 321 768 quoniam
350 681 579 770 flebitis31)
619 686 784 750 istivero
818 684 932 752 eodem
961 686 1122 772 magistro

128 778 267 850 docente
289 782 446 850 audiunt:
478 784 635 862 Iterum
663 783 814 850 videbo
838 807 931 866 vos,
961 791 1002 850 et
1023 806 1119 870 gau-

128 877 245 946 debit
279 903 350 947 cor
381 891 583 965 vestrum,
623 894 665 948 et
695 882 895 968 gaudium
931 891 1120 948 vestrum

127 1001 242 1048 nemo
271 980 399 1048 tollet
425 1004 446 1048 a
480 985 609 1050 vobis.
635 979 661 1069 2)
704 981 868 1049 Nonnulli
899 991 1011 1047 autem
1039 980 1120 1047 lacti

126 1079 181 1148 vol
203 1083 317 1146 tristes
344 1104 411 1148 non
430 1082 531 1148 rebus
552 1081 653 1164 fiunt,
687 1079 746 1146 sed
775 1079 1070 1168 conspersionibus
1092 1077 1118 1164 3)

125 1178 287 1244 existunt.
338 1178 470 1259 Quibus
497 1179 646 1268 profecto
678 1180 898 1248 intimandnm
929 1189 997 1264 est,
1029 1176 1118 1268 quod

126 1276 293 1362 quaedam
303 1279 385 1345 vitia
398 1279 596 1366 quibusdam
607 1278 900 1367 conspersionibus
915 1281 1018 1366 juxta
1029 1288 1117 1345 sunt.

124 1378 260 1446 Habent
281 1381 368 1446 enim
388 1380 471 1446 laeti
500 1403 542 1446 ex
575 1381 762 1468 propinquo
788 1377 977 1464 luxuriam,
1005 1378 1118 1446 tristes

124 1480 217 1545 iram.
262 1478 360 1544 Unde
381 1490 593 1561 necesseest,
616 1488 655 1545 ut
676 1502 744 1548 non
755 1477 863 1544 solum
874 1480 1017 1568 quisque
1038 1499 1116 1544 con·

123 1578 263 1662 rideret,
295 1579 385 1666 quod
405 1603 447 1646 ex
476 1581 712 1668 conspersione
742 1580 903 1661 sustinet,
935 1577 1117 1650 sedetiam

123 1677 214 1767 quod
232 1700 276 1746 ex
303 1679 412 1746 vicino
441 1680 588 1746 deterius
608 1687 782 1767 perurget3
813 1699 855 1744 ne
884 1669 962 1744 dum
990 1699 1117 1764 nequa-

123 1797 225 1857 quam
252 1787 383 1863 pugnat
404 1787 518 1846 eontra
550 1777 614 1844 hoc
640 1777 729 1864 quod
748 1774 890 1861 toleret,
914 1778 947 1844 ei
970 1798 1115 1865 quoque,

123 1895 145 1940 a
167 1896 233 1960 quo
256 1898 292 1940 se
314 1873 455 1942 liberum
477 1879 643 1960 aestimat,
666 1877 749 1944 vitio
772 1877 975 1944 succumbat.

473 2070 668 2140 curun*
708 2074 767 2141 1v.
835 2035 837 2042 ’

137 2203 141 2211 ’
225 2209 396 2277 Quomodo
414 2207 625 2263 admonenti
643 2208 784 2263 subditi
801 2213 833 2262 et
850 2209 1013 2278 praelati.

171 2343 277 2410 Aliter
284 2343 483 2412 admonendi
501 2356 578 2414 sunt
589 2343 727 2428 subditi,
740 2355 840 2432 atque
856 2343 953 2411 aliter
962 2345 1116 2432 praelati.

122 2432 267 2509 illosne
293 2441 455 2532 subjectio
477 2455 647 2529 conterat,
677 2445 823 2512 istosne
849 2442 942 2511 locus
965 2446 1117 2534 superior

122 2540 274 2610 extollat.
316 2541 375 2608 Illi
397 2566 439 2626 ne
460 2546 590 2629 minus‚'
622 2567 709 2635 quae
726 2543 912 2632 jubentur,
944 2545 1117 2633 impleant,

121 2643 177 2709 isti
198 2664 241 2708 ne
263 2639 341 2732 plus
364 2643 458 2730 justo
481 2643 642 2732 jubeant,
672 2667 759 2732 quae
781 2644 1020 2734 compleantur.
1063 2643 1116 2709 Illi

121 2735 158 2807 ut
178 2741 347 2808 humiliter
361 2741 572 2825 subiaceant,
595 2745 651 2810 isti
666 2752 704 2810 ut
717 2751 944 2831 temperanter
953 2743 1114 2831 praesint

121 2839 225 2924 Nam,
248 2839 339 2928 quod
359 2839 504 2928 intelligi
533 2853 565 2908 et
586 2841 775 2928 figuraliter
794 2850 921 2930 potest,
944 2839 1011 2906 illis
1033 2837 1113 2905 dici-

121 2948 193 3004 tur:
223 2941 353 3024 Filii,
382 2939 555 3008 obedite
588 2939 846 3030 parentibus
875 2940 1040 3008 vestris
1070 2939 1114 3005 in

121 3035 315 3120 Domino3
336 3040 408 3107 istis
431 3063 511 3107 vero
531 3043 759 3129 praecipitur:
782 3037 835 3104 Et
855 3047 1024 3124 patres,
1048 3061 1114 3106 no-

122 3136 201 3203 lite
230 3134 281 3201 ad
311 3139 577 3206 iracundiam
603 3159 846 3226 prouocare
874 3136 996 3205 filios
1026 3159 1114 3205 ves·

124 3297 406 3308 Μαι*-

148 3385 252 3454 unse
269 3386 302 3450 s,
328 3386 373 3442 ro.
400 3413 429 3426 -
453 3385 478 3456 ¹)
495 3389 569 3442 roan.
596 3386 645 3452 1o,
673 3387 714 3440 22.
739 3413 772 3424 -
795 3383 820 3452 ⁸)
838 3387 888 3440 ro
904 3362 1141 3455 erocum

189 3472 217 3526 8.
235 3472 344 3542 Gregor.
363 3472 405 3526 hie
421 3477 447 3526 et
463 3473 536 3538 alibi,
553 3471 673 3539 indolem,
695 3477 823 3537 naturam,
841 3470 958 3540 corporis
970 3477 996 3528 et
1013 3471 1136 3538 minae.

185 3559 397 3630 temporationem
415 3563 441 3614 et
457 3557 574 3613 habitum
591 3557 722 3627 intelligit.
1025 3553 1029 3560 '

230 3683 232 3693 ·
555 3673 564 3696 ⁰
693 3659 697 3666 '
793 3657 876 3726 4¹⁸⁸.
