2520 4152
549 181 809 252 -tot-·

163 347 330 432 Audiam,
362 349 453 440 quod
473 352 580 417 Isaiae
586 399 596 433 ,
628 352 709 438 quia
732 375 753 418 a
775 353 871 418 verbi
900 353 1086 420 ministerio
1106 363 1168 419 ta<

163 451 249 530 onlt,
273 447 467 517 illustratus
489 471 632 535 superno
654 450 798 532 lumine,
831 473 954 537 magna
975 471 1057 516 voce
1078 471 1166 538 poe-³

165 550 329 617 nitentiae
352 574 388 617 se
410 553 480 638 ipse
502 547 735 635 reprehendit,
764 550 895 616 dicens:
925 551 1012 617 Vae
1032 547 1159 632 mihi,

163 647 262 736 quia
295 651 420 716 tacui.
442 645 466 728 ¹)
487 647 639 713 Audiant
651 697 661 728 ,
696 646 785 736 quod
807 671 867 736 per
889 647 1101 714 Salomonem
1120 649 1169 715 in·

162 746 258 814 illum
279 747 537 837 praedicationis
554 747 694 813 scientia
706 745 925 836 multiplicari
943 749 1162 834 promittitur,

163 849 280 936 quiin
304 847 363 914 hoc
375 896 384 928 ,
419 843 507 930 quod
524 846 595 932 jam
618 846 776 929 obtinuit,
809 847 952 934 torporis
980 848 1060 913 vitio
1088 867 1162 912 non

162 956 309 1015 tenetur.
350 946 407 1012 Ait
429 967 589 1030 namque:
610 945 780 1028 Anima,
804 967 911 1032 quae
931 944 1162 1028 benedicit,

164 1043 519 1136 impinguabitur3
549 1055 590 1111 et
612 1047 682 1131 qui
704 1044 915 1128 inebriat,
947 1047 1038 1131 ipse
1061 1067 1170 1131 quo··

165 1167 244 1234 que
275 1141 588 1208 inebriabitur.
608 1146 634 1228 ²)
678 1144 745 1225 Qui
768 1146 856 1209 enim
887 1145 1037 1210 exterius
1057 1143 1169 1231 prae-T

164 1240 303 1312 dicando
327 1238 493 1305 benedicit
500 1291 511 1323 ,
534 1243 703 1310 interioris
726 1244 897 1328 augmenti
921 1241 1162 1329 pinguedinem

161 1342 295 1427 recipit3
328 1348 361 1402 et
388 1337 466 1404 dum
493 1340 569 1406 vino
598 1341 723 1430 eloquii
745 1339 771 1430 ³)
802 1343 991 1408 auditorum
1013 1352 1158 1407 mentem

163 1440 318 1508 debriare
329 1437 536 1522 nondesinit,
553 1450 633 1526 potu
644 1439 1170 1528 multiplicatimunerisdebria·,
1247 1450 1248 1480 ¹

161 1551 226 1606 tua'
245 1538 417 1602 exerescit.
460 1539 627 1622 Audiant,
660 1540 748 1628 quod
779 1539 893 1607 David
926 1541 988 1606 hoc
1017 1541 1090 1606 Deo
1120 1541 1156 1606 in

160 1658 296 1703 munere
319 1637 458 1721 obtulit,
482 1637 572 1724 quod
593 1639 854 1726 praedicationis
876 1642 1030 1727 gratiam,
1055 1661 1152 1726 quam

161 1747 355 1822 acceperat,
398 1760 465 1803 uon
505 1736 677 1805 abscondit
709 1738 853 1822 dicens:
892 1740 998 1806 Eece
1037 1738 1162 1806 labia

160 1855 250 1900 maa
282 1857 361 1900 non
395 1835 658 1922 prohibebo,
692 1839 890 1921 Domine,
923 1853 967 1905 tu
1002 1859 1156 1923 cogno*

159 1933 276 2016 visti3
294 1936 510 2021 justitiam
533 1948 646 2002 tuam
667 1961 748 2005 non
766 1935 1171 2006 abscondiinoorde.

160 2054 262 2100 mco:
302 2037 538 2102 veritatem
575 2050 687 2104 tuam
724 2050 763 2105 et
802 2039 1003 2105 salutare
1039 2046 1159 2100 tuum

160 2131 263 2198 dixi.
283 2132 312 2218 s)
357 2132 525 2218 Audiant,
559 2135 648 2223 quod
670 2140 783 2224 sponsi
805 2138 969 2222 colloquio
992 2136 1034 2200 ad
1057 2156 1161 2220 spon·

160 2253 231 2298 sam
255 2232 388 2300 dicitur:
422 2233 540 2314 Quae
562 2234 739 2299 habitas
770 2238 812 2300 in
836 2233 993 2308 hortis,
1025 2231 1174 2295 amici.

159 2334 429 2400 auscultant:
460 2336 525 2400 fao
557 2355 616 2398 me
650 2333 798 2397 audire
827 2349 963 2394 vocem
985 2339 1103 2391 tuam.
1128 2325 1170 2408 ³)-

158 2430 316 2497 Ecclesia
344 2434 469 2519 'quippe
492 2435 526 2498 in
549 2433 653 2497 hortis
675 2428 823 2508 habitat,
856 2446 942 2510 quae
972 2421 1017 2488 ad
1037 2421 1156 2488 viridi-

159 2541 263 2598 tatem
294 2533 443 2596 intimam
477 2529 612 2595 exculta
643 2526 814 2613 plantaria
842 2526 1001 2590 virtutum
1033 2534 1158 2588 servat.

160 2629 268 2719 Cujus
285 2653 398 2696 vocem
416 2630 537 2693 amicos
559 2624 762 2705 auscultare,
788 2632 838 2689 est
861 2621 982 2687 eleetos
1005 2627 1156 2710 quosque

159 2718 303 2797 verbum
332 2723 594 2816 praedicationis
624 2721 714 2786 illius
744 2721 954 2803 desiderare3
985 2743 1085 2810 quam
1107 2721 1152 2786 vi·

161 2829 283 2898 delicet
313 2849 423 2893 vocem
456 2845 596 2910 sponsus
625 2819 743 2887 audire
777 2821 965 2905 desiderat,
1001 2823 1080 2908 quia
1112 2817 1158 2884 ad

160 2929 441 3019 praedicationem
471 2923 546 3009 ejus
573 2943 634 3011 per
661 2921 840 2988 electorum
871 2943 1005 2986 suorum
1026 2921 1158 2987 animas

161 3029 309 3094 anhelat
352 3023 517 3105 Audiant,
552 3021 641 3111 quod
667 3020 822 3111 Moyses,
854 3040 929 3085 oum
956 3020 1179 3096 irascentem,

161 3126 272 3194 Deum
301 3122 424 3212 populo
454 3132 620 3205 cerneret,
655 3132 689 3187 et
716 3121 842 3189 assumi
864 3117 908 3184 ad
930 3115 1160 3193 ulciscendum

147 3223 295 3313 ,gladios
319 3221 471 3310 juberet3
494 3220 571 3288 illos
598 3243 622 3288 a
641 3230 740 3308 parto
764 3219 832 3286 Dei
853 3217 1068 3286 denuntiavit
1087 3215 1172 3280 exi·-

198 3471 218 3535 ¹)
238 3470 303 3523 lsai.
320 3469 344 3534 6,
363 3469 387 3524 b.
406 3497 439 3506 -
467 3465 490 3535 Ι)
508 3467 586 3520 Pror.
605 3465 651 3534 11,
669 3467 714 3524 25.
732 3492 763 3504 -
795 3461 898 3530 'tulit
916 3462 977 3514 ium
995 3459 1083 3514 divino
1099 3459 1167 3512 ele-r

232 3558 295 3628 quio
313 3554 431 3615 debriare
447 3552 588 3608 debriatur.
607 3577 637 3592 -
675 3549 697 3618 ⁸)
715 3551 761 3606 Pa·
778 3549 828 3616 ³9,
854 3549 897 3604 10.
915 3548 958 3602 11.
978 3571 1008 3586 -
1045 3543 1064 3608 ⁸)
1084 3543 1164 3600 caut.

231 3642 264 3712 8,
283 3644 325 3701 13.
