2520 4152
551 185 776 256 -1967

146 347 412 438 ¹tudinispsrdit.
435 349 574 418 Clavum
586 352 710 438 quippe
723 350 852 416 inmari
872 349 1023 417 amittere
1038 356 1091 417 est
1103 351 1162 419 iu·

154 448 521 536 tentionemprovidam
532 449 620 515 inter
628 449 792 536 procellas
805 447 907 536 hujus
919 446 1022 515 seculi
1032 470 1097 514 non
1109 459 1165 518 te·

154 573 244 618 nere.
262 547 299 616 Si
308 551 395 615 enirn
405 549 608 634 gubernator
615 547 743 614 clavum
752 545 895 612 sollicite
905 547 1050 630 stringit,
1061 549 1164 618 modo

155 649 192 716 in
206 649 365 716 fluctibus
378 671 421 714 ex
436 649 576 714 adverso
591 669 708 724 navem
721 646 848 732 dirigit,
870 645 965 711 modo
981 654 1159 712 ventorum

148 749 301 835 ¹impetus
312 770 372 834 per
382 746 553 833 obliquum
563 744 669 811 findit.
695 743 720 830 ¹)
750 745 805 812 Ita
818 765 891 810 cum
902 767 994 810 mens
1008 743 1158 830 vigilan·

155 858 208 914 ter
219 849 363 914 animam
372 847 471 929 regit,
487 844 580 909 modo
595 843 665 909 alia
679 867 842 930 superans
856 843 1162 924 caicatmcdoalia·

155 946 339 1036 providens
362 943 518 1027 declinat3
547 952 584 1008 ut
607 954 640 1010 et
661 944 855 1030 praesentia
872 942 1057 1008 laborando
1072 943 1158 1010 suh·

147 1049 268 1134 dicias,
293 1055 325 1110 et
347 1058 462 1109 contra
483 1044 599 1108 lutura
620 1047 804 1111 certamina
821 1042 1054 1128 prospiciendo
1078 1061 1158 1108 oon-

148 1144 313 1214 .valescat.
354 1141 441 1209 Hinc
462 1165 594 1208 rursum
616 1141 657 1206 de
679 1140 823 1208 fortibus
842 1163 1008 1226 supernae
1024 1142 1160 1228 patriae

155 1240 377 1310 bellatoribus
400 1241 534 1307 dicitur:
563 1241 924 1327 Uniuscujusque
946 1241 1064 1304 ensis
1091 1264 1156 1308 sur·

146 1365 224 1430 ,per
254 1341 390 1405 fomur
426 1362 538 1404 suum
571 1339 951 1426 proptertimores
986 1347 1156 1405 noctur·

148 1460 242 1523 nos„
261 1438 286 1519 ²)
330 1438 432 1502 Ensis
463 1439 550 1504 enirn
578 1460 677 1524 super
696 1437 804 1503 femur
831 1438 984 1522 ponitur,
1018 1437 1161 1524 quando

132 1539 306 1627 'acumine
329 1546 466 1602 sanctae
489 1537 750 1623 praedicationis
769 1555 877 1622 prava
890 1537 1062 1620 suggestio
1079 1558 1153 1603 car-

148 1639 206 1704 nis
230 1635 420 1720 edomatur,
453 1637 519 1701 Per
540 1646 670 1702 noctem
692 1657 770 1700 vero
789 1637 934 1701 caecitas
951 1646 1089 1702 nostrae
1101 1637 1148 1700 in·

148 1736 319 1806 firmitatis
341 1737 553 1823 exprimitur3
584 1739 665 1823 quia
688 1734 853 1822 quidquid
874 1736 1089 1802 adversitatis
1112 1737 1147 1800 in

147 1845 250 1908 ‚nocte
280 1836 444 1918 imminet,
478 1857 544 1901 non
574 1834 740 1903 videtum·
767 1836 1044 1923 Uniusoujusque
1073 1857 1154 1920 ergo

153 1935 244 2001 ensis
279 1957 381 2018 super
413 1935 521 2000 femur
555 1959 653 2002 suum
682 1937 818 2022 ponitur
851 1947 986 2022 propter
1019 1937 1155 2024 timores

146 2040 332 2120 nocturnos
354 2031 399 2120 ³);
434 2035 516 2120 quia
550 2032 708 2100 videlicet
742 2036 851 2101 sancti
888 2035 973 2117 viri,
1006 2032 1082 2098 dum
1113 2056 1156 2100 ea
1247 2077 1248 2098 2

146 2154 240 2219 ,quae
270 2156 337 2218 non
365 2132 481 2198 vident
509 2142 678 2214 metuunt,
704 2132 747 2197 ad
768 2134 982 2198 intentionem
999 2135 1154 2196 certami-

147 2232 204 2316 mis
226 2232 342 2319 parati
364 2253 494 2320 semper
516 2233 686 2298 assistunt.
729 2231 817 2295 Hinc
843 2250 973 2293 rursum
1003 2251 1153 2311 sponsae

150 2329 288 2398 dicitur:
322 2332 465 2398 Nasus
493 2343 589 2398 tuus
622 2331 737 2393 sicut
766 2329 919 2404 turris,
951 2343 1055 2408 quae
1084 2337 1152 2392 est
1247 2349 1248 2352 ’

150 2430 190 2496 in
211 2429 389 2500 Libano.
415 2428 444 2516 l⁸)
491 2429 576 2493 Rem
604 2447 769 2509 namque,
807 2444 907 2510 quam
940 2421 1047 2488 oculis
1079 2447 1151 2492 non
1247 2467 1248 2482 2

150 2532 337 2610 cernimus,
368 2527 564 2614 plerumque
594 2524 691 2588 odoro
713 2521 959 2606 praevidemus.
1003 2523 1067 2588 Per
1088 2547 1150 2590 na.

151 2650 223 2692 sum
247 2647 380 2714 quoque
403 2625 519 2691 odores
540 2623 751 2708 foetoresque
779 2620 1009 2688 discernimus.
1056 2621 1152 2704 Quid
1247 2663 1248 2684 2

71 2803 72 2806 Ἴ
149 2748 230 2812 ergo
254 2747 314 2812 per
335 2745 455 2788 nasum
476 2719 667 2800 Ecclesiae,
698 2721 765 2784 nisi
787 2719 983 2788 Sanctorum
1004 2724 1152 2810 provida

149 2825 304 2891 discretio
327 2820 545 2906 designatur?
577 2817 645 2898 Qui
668 2821 767 2884 etiam
790 2821 876 2886 turri
899 2821 1032 2904 similis,
1058 2845 1152 2909 quae·

107 2962 110 2966 ·
149 2937 199 2990 est
221 2927 255 2988 in
276 2921 425 3000 Libano,
456 2917 594 3002 dicitur3
628 2921 710 3006 quia
733 2917 878 2986 discreta
900 2943 1012 2986 eorum
1033 2924 1147 3010 provi-

146 3021 263 3090 dentia
284 3021 332 3106 ita
354 3018 389 3082 in
411 3015 477 3082 alto
500 3018 563 3082 sita
584 3026 652 3099 est,
677 3028 715 3085 ut
727 3011 949 3087 tentationum
963 3024 1149 3097 certamina

146 3133 192 3202 et,
214 3121 411 3206 priusquam
424 3117 568 3196 veniant,
591 3117 714 3198 videat,
737 3127 770 3183 et
792 3128 907 3184 contra
920 3141 973 3202 ea,
998 3119 1073 3184 dum
1086 3143 1147 3186 ve-

143 3273 435 3298 ?‘ffl
484 3295 486 3300 ,

184 3353 207 3421 ¹)
224 3351 289 3405 Alit.
307 3351 382 3406 modo
399 3352 484 3406 undas
502 3364 631 3420 superans
649 3353 747 3420 calcat,
774 3353 849 3406 modo
871 3351 928 3406 alia
952 3353 1076 3420 providus
1095 3354 1145 3406 de-
1173 3347 1176 3354 '

149 3481 158 3490 .
214 3439 311 3508 olinat,
337 3438 564 3506 nummulorum
587 3436 701 3506 impetus
727 3451 773 3506 per
796 3438 929 3506 obliquum
953 3436 1034 3490 findit.
1053 3464 1086 3486 -η
1121 3439 1146 3503 ²)

215 3527 288 3580 Cant.
308 3525 336 3592 3,
354 3524 380 3580 8.
399 3553 431 3564 -·
468 3523 491 3592 ⁸)
509 3523 575 3579 Alit
593 3529 696 3594 propter
713 3525 867 3598 tentationes
893 3525 950 3578 sive
969 3524 1072 3578 timores
1090 3539 1143 3578 no·

215 3619 329 3667 sturnos.
349 3640 380 3650 -
399 3609 420 3675 ⁴)
439 3611 512 3664 Cant.
531 3609 555 3678 7,
573 3609 600 3668 4.

402 3755 419 3788 p:
449 3799 453 3810 Ι
