2520 4152
539 175 763 246 ...202-

152 345 229 411 dum
259 353 462 430 cognoscant
489 343 744 426 mandasses,
775 359 863 429 quse
889 345 1032 430 fugiunt
1077 347 1151 416 tte·

151 445 217 510 liu‘s
236 445 325 510 enim
346 444 521 531 inexperta
543 445 726 528 recipiunt,
750 446 779 510 si
802 444 842 510 de
867 447 1027 530 expertis,
1053 447 1151 534 quid·

153 541 235 630 quid
266 543 502 630 disputationis
537 542 697 623 audiunt,
737 546 902 612 veraciter
935 555 1151 631 cognoscunt.

152 641 247 708 'l'unc
268 643 373 727 igitur
395 643 493 731 pleno
515 655 590 711 voto
613 645 746 709 diseunt
766 645 955 712 verobona
973 666 1152 734 quaerere,

151 765 225 810 cum
246 753 336 808 certo
353 743 481 829 judicio
504 741 783 831 deprehenderint
804 740 894 810 false
916 768 952 810 se
972 769 1079 812 vacue
1099 755 1153 812 te·

148 845 273 908 nuisse.
318 842 467 908 Audisnt
488 864 568 926 ergo
580 891 589 923 ,
622 840 711 928 quod
733 841 822 906 bons
851 846 1042 931 proesentis
1072 855 1107 912 et
1129 869 1154 912 s.

150 939 374 1008 delectatione
397 942 495 1006 eitius
516 944 701 1009 transiture
724 951 821 1022 sunt,
848 954 881 1009 et
902 951 1012 1010 temen
1036 965 1155 1012 eormn

150 1062 253 1108 ceusu
276 1041 320 1107 ad
348 1040 510 1105 ultionem
539 1042 610 1106 sine
632 1043 776 1107 transitu
790 1063 1032 1130 permensurs3
1066 1045 1153 1131 quia

152 1151 187 1206 et
206 1162 314 1222 nunc,
350 1137 558 1225 quodlibet,
586 1141 701 1207 inritis
729 1139 956 1225 subtrahitur,
987 1151 1151 1226 etstunc,

151 1239 240 1328 qnod
264 1238 371 1320 dolet,
395 1239 508 1305 invitis
526 1239 562 1304 in
575 1237 777 1324 supplicium
791 1250 993 1306 reservatur.
1027 1241 1151 1328 Itaque

60 1411 64 1420 Δ
151 1339 276 1404 eisdem
302 1337 404 1404 rebus
438 1345 627 1404 terreantur
662 1335 862 1421 salubriter,
898 1339 1017 1425 quibus
1045 1341 1151 1406 noxie

151 1437 373 1520 delementum
395 1446 433 1502 ut
454 1435 533 1504 dum
553 1435 709 1522 perculsa
730 1459 823 1504 mens
845 1436 914 1502 ulte
927 1441 1048 1506 ruinae
1064 1462 1150 1506 suso

150 1536 273 1602 damna
295 1540 504 1624 conspiciens
534 1557 605 1602 sese
634 1535 671 1602 in
693 1538 926 1624 praecipitium
953 1539 1148 1620 pervenisse

150 1633 399 1725 deprehendit,
416 1657 569 1722 gressum
598 1647 675 1724 post
694 1645 792 1723 terga
813 1647 963 1720 revocet,
991 1648 1024 1704 et
1044 1641 1143 1727 perti·

1244 1067 1246 1158 l

126 1757 316 1816 ·1nescens,
341 1758 428 1824 quae
451 1746 642 1818 amaverat,
666 1737 774 1803 discat
785 1735 944 1823 diligere,
967 1759 1055 1824 quae
1071 1761 1141 1818 con·
1243 1795 1246 1812 .

149 1835 328 1902 temnebat.

211 1935 298 2001 Hine
320 1945 372 2001 est
400 1937 507 2020 euim,
532 1939 621 2024 quod
641 1937 807 2004 Jercmiee
825 1932 924 2006 misso
946 1937 990 2005 sd
1011 1938 1148 2024 praedi·

149 2037 315 2102 cntionem
346 2036 484 2103 dicitur:
512 2038 619 2102 Ecce
647 2039 849 2104 constitui
877 2049 915 2104 te
943 2037 1061 2102 hodie
1085 2061 1150 2104 su·

149 2158 221 2222 per
250 2146 400 2224 gentes
433 2147 471 2201 et
504 2159 629 2227 super
656 2159 808 2222 regna,
845 2148 888 2203 ut
917 2135 1077 2200 evellas
1107 2148 1151 2204 et

150 2233 365 2320 destruas,
390 2245 429 2301 et
452 2235 672 2324 disperdas
696 2246 736 2300 et
757 2235 954 2322 dissipes,
978 2244 1018 2297 et
1040 2236 1149 2299 aedi-

148 2335 262 2402 fices
285 2348 325 2402 et
345 2334 530 2420 plantes.
554 2337 579 2420 ¹)
611 2335 700 2416 Quis
713 2335 777 2398 nisi
792 2333 886 2418 prius
906 2353 1066 2419 perverse
1088 2331 1149 2398 de-

150 2446 306 2519 strueret,
322 2432 497 2500 aedificare
508 2434 631 2498 utiliter
640 2442 729 2497 recta
738 2454 804 2496 nou
813 2440 939 2518 posset3
955 2430 1073 2496 uisiob
1085 2454 1150 2499 au·

150 2535 289 2608 ditonum
306 2555 437 2598 suorum
453 2530 607 2598 cordibus
620 2531 734 2615 spinas
749 2531 828 2594 veni
843 2530 1149 2618 amorisevelleret,
1244 2611 1245 2624 χ

148 2630 455 2698 nimirum'frustra
476 2632 509 2694 in
532 2630 580 2694 eis
602 2636 739 2692 sanctae
760 2628 1019 2716 praedicationis
1041 2629 1149 2701 verbe

71 2751 73 2757 ·
149 2731 327 2818 plantaret.
352 2729 511 2810 Hiucest,
529 2718 993 2816 quodPetruspriusevertit,
1009 2740 1147 2818 utpcst·
1244 2763 1245 2770 ¹

149 2831 281 2898 modum
300 2836 480 2908 construet,
504 2846 577 2891 cum
590 2849 804 2913 nequaquam
818 2828 836 2893 J
842 2827 963 2894 udaeos
978 2823 1150 2918 mouebat,

150 2930 231 3019 quid
239 2933 311 3020 jam
325 2927 483 3009 facerent,
500 2925 558 2993 ssd
574 2927 614 2992 de
627 2924 694 3009 his,
716 2948 803 3016 quae
819 2928 979 3010 fecerant,
995 2929 1150 3018 increpa·

151 3030 210 3098 bat
231 3029 360 3096 dicens:
387 3025 529 3093 Jesum
552 3025 819 3093 Nazarenum
846 3028 976 3093 virum
998 3050 1151 3116 appro-

150 3129 288 3210 batum
309 3150 330 3192 s
352 3127 441 3196 Deo
464 3129 506 3194 in
529 3127 663 3210 vobis,
686 3127 926 3193 virtutibus
949 3137 987 3192 et
1008 3127 1149 3214 prodi-

149 3230 240 3316 giis
263 3237 306 3292 et
330 3228 491 3314 signis,
516 3249 628 3314 quae
649 3249 725 3314 per
753 3226 869 3294 illum
897 3227 1002 3294 fecit
1030 3227 1149 3296 Deus

148 3329 190 3408 in
211 3325 343 3397 medio
365 3328 509 3408 vestri,
533 3328 646 3392 siout
667 3349 739 3396 vos
761 3329 899 3411 scitis3
923 3324 1028 3394 hunc
1047 3322 1148 3393 deii-

149 3429 238 3513 nito
261 3425 442 3496 consilio
465 3435 504 3491 et
525 3427 817 3514 praescientis
834 3425 911 3492 Del
932 3426 1148 3515 traditum,

156 3576 171 3584 ,,
178 3574 417 3582 ..--.--·---·—--.----------v
424 3574 440 3580 .-

185 3641 281 3715 nso.
300 3644 328 3716 1„
343 3644 385 3702 su
