2520 4152
525 152 750 227 alii—

140 321 315 409 napiant
333 316 503 390 uerbum
521 315 649 401 bina-¹)
692 314 791 396 Quod
806 337 859 383 to·
876 316 1024 392 iamet
1038 339 1139 393 wate

79 451 81 456 ·
141 441 241 500 mm,
262 439 329 502 que
337 416 518 502 ,denegavit
531 415 691 496 omnium3
711 425 747 482 et
767 415 844 483 dum
854 415 1027 499 praedicit,
1043 417 1140 502 'quia

142 516 428 602 difficilecapitur,
449 512 667 582 audientibus
678 514 797 597 innuit,
818 523 1138 602 captantemque

141 615 274 690 cautela
296 623 460 682 teneatur.

201 711 413 784 Admonendi
435 719 513 780 sunt
526 714 641 802 itaque
650 723 786 800 peccam
797 715 907 784 carnis
927 715 1139 800 ignorantes,

140 824 178 883 ut
198 823 233 880 et
253 812 482 901 praeeminere
505 813 732 898 virginitatem
758 815 914 899 conjugio
937 815 1063 895 sciant,
1096 821 1139 878 et

139 923 252 982 umen
280 933 316 978 se
347 930 448 998 super
474 912 636 998 conjuges
662 935 729 979 non
754 912 936 994 extollant,·
963 921 1137 998 quatenus

140 1013 218 1084 dum
245 1023 279 1081 et
300 1008 527 1096 virginitatem
553 1011 768 1096 praeierunt,
800 1021 890 1078 etse
918 1019 1140 1100 postponunt,

140 1121 174 1183 et
194 1109 279 1178 illud
299 1132 365 1179 non
388 1107 564 1194 deserant,
595 1109 685 1196 quod
705 1111 823 1178 melius
846 1133 919 1179 esse
943 1112 1138 1192 aestiment,

140 1222 175 1278 et
197 1234 232 1278 se
254 1209 452 1290 custodiant,
477 1229 542 1294 quo
566 1233 601 1274 se
623 1211 769 1276 inaniter
789 1233 856 1276 non
872 1209 1030 1284 exaltant
1063 1208 1138 1284 Ad-

140 1309 296 1379 mcnendi
318 1316 406 1388 suut,
435 1315 472 1372 ut
493 1307 721 1390 considerent,
747 1309 836 1394 quod
856 1310 1054 1396 plerumque
1077 1329 1137 1372 ac-

139 1411 229 1476 tione
250 1406 451 1474 secularium
472 1406 543 1469 vita
555 1409 795 1472 continentium
811 1408 1036 1491 confunditur,
1058 1429 1138 1476 eum

140 1518 173 1574 et
193 1507 245 1572 illi
267 1505 356 1572 ultra
377 1504 528 1570 habitum
551 1516 726 1571 assumunt
746 1527 866 1592 opera,
896 1517 930 1572 et
951 1510 1008 1572 isti
1031 1509 1136 1594 jux-ta

139 1606 285 1674 ordinem
308 1606 478 1692 proprium
507 1627 574 1671 non
596 1604 744 1671 excitant
773 1605 883 1672 corda.
927 1605 1026 1674 Unde
1047 1605 1133 1672 bene

138 1727 199 1791 per
226 1703 423 1790 prophetam
452 1705 595 1770 dieitur:
630 1703 854 1774 Erubesce
888 1706 1043 1788 Sidon,
1075 1707 1130 1775 att

138 1819 258 1871 mare.
272 1802 298 1888 ²)
343 1804 451 1885 Quasi
463 1805 550 1868 enim
562 1825 622 1888 per
644 1826 758 1868 vocem
779 1807 881 1872 maris
904 1807 948 1874 ad
968 1829 1133 1876 verecun-

139 1904 226 1971 diam
250 1901 354 1971 Sidon
376 1903 571 1986 adducitur,
601 1903 736 1990 quando
764 1929 825 1992 per
853 1907 1137 1994 comparationem
1255 1929 1256 1932 ¹

138 2004 230 2075 ritae
252 2000 454 2071 secularium
486 2011 587 2090 atque
610 2004 644 2070 in
666 2002 729 2072 hoe
757 2007 879 2072 mundo
900 2005 1138 2076 fluctuantium

138 2103 230 2188 ejus,
264 2102 321 2188 qui
351 2103 498 2166 munitus
528 2111 561 2168 et
578 2105 682 2192 *quasi
712 2104 843 2173 stabilis
864 2103 1028 2185 cernitur,
1059 2104 1138 2172 rita

137 2201 348 2289 reprobatur.
393 2199 501 2290 Saepe
518 2204 606 2268 enim
627 2204 777 2270 nonnulli
799 2203 842 2268 ad
856 2202 1034 2266 Dominum
1056 2209 1138 2282 post

136 2301 248 2373 uernis
269 2309 411 2385 peccata
423 2300 614 2384 redeuntes,
634 2312 728 2369 tanto
750 2323 785 2366 se
797 2298 968 2364 ardentius
981 2300 1019 2364 in
1034 2299 1133 2370 bonis

138 2399 294 2486 operibus
315 2395 486 2480 exhibent,
510 2411 634 2488 quanto
656 2396 912 2464 damnabiliores
935 2419 970 2464 se
995 2395 1037 2462 de
1059 2419 1131 2468 mu·

137 2498 178 2566 lis
206 2497 329 2564 vident.
373 2499 417 2564 Et
445 2523 544 2587 saepe
574 2497 707 2586 quidam
730 2499 769 2560 ‘in
798 2497 909 2562 earnis
938 2497 1133 2584 integritate

136 2595 369 2686 perdurantes,
393 2622 468 2666 cnm
489 2601 597 2663 minus
619 2618 654 2659 se
677 2596 862 2680 respiciunt
881 2594 1019 2680 habere,
1040 2597 1132 2684 quud

139 2697 293 2780 defleant,
317 2699 414 2785 plene
436 2699 503 2764 sibi
525 2694 675 2762 sufficere
690 2695 782 2761 vitae
803 2716 885 2762 suae
905 2697 1130 2768 innocentiani

137 2808 270 2883 putant,
293 2809 395 2886 atque
418 2797 641 2867 adservarem
664 2795 801 2882 spiritus
815 2795 920 2862 nullis
942 2819 978 2862 se
1001 2795 1131 2868 ardoris

137 2897 280 2966 stimulis
303 2899 514 2964 inflamment.
558 2891 602 2958 Et
623 2891 661 2960 fit
686 2893 885 2982 plerumque
906 2895 979 2967 Deo
1001 2896 1130 2981 gratior

136 3020 250 3067 amore
278 2996 399 3068 ardens
427 2990 496 3054 vita
526 3001 603 3078 post
633 2994 788 3082 culpam,
819 3017 919 3082 quam
949 2996 1130 3064 securitate

136 3107 275 3184 torpens
301 3089 499 3160 innocentia
543 3091 643 3160 Unde
672 3103 706 3160 et
741 3116 822 3160 voce
846 3095 970 3181 judicis
993 3096 1130 3164 dieitur

136 3197 419 3264 Remittentur
442 3190 480 3256 ei
500 3203 673 3278 peccata
693 3194 839 3278 multa,
864 3197 959 3282 quia
980 3194 1130 3266 dilexit

137 3285 353 3375 multumst)
387 3289 445 3368 Et:
470 3290 674 3360 Gaudium
696 3295 779 3362 erit
798 3295 842 3360 in
863 3295 979 3363 coeio
1003 3313 1129 3378 super

137 3417 218 3464 uno
240 3397 461 3480 peccatore
482 3394 752 3478 poenitente,
772 3397 903 3478 magis
926 3415 1047 3481 quarn
1065 3417 1128 3464 eu·

170 3603 189 3664 ι)
208 3585 359 3672 uatum,
378 3604 419 3659 11.
437 3633 471 3646 -
489 3605 508 3674 ²)
526 3603 744 3674 1su.cs,a.,-
767 3602 867 3674 aaut
887 3608 912 3675 7,
928 3607 972 3668 tr.
1088 3629 1092 3641 .
