2554 4172
541 221 767 293 -ttt-

139 389 298 458 Audinnt
317 389 394 469 isti,
417 389 514 476 quin
542 389 679 454 omniu
710 385 856 456 munds
879 385 1058 453 mundis:
1079 407 1158 452 co··

142 488 386 578 inquinetis
414 497 548 555 eutem
578 497 621 552 et
648 482 914 552 infidelibus
942 484 1054 550 nihil
1077 495 1143 550 sot

138 587 341 656 mundum.
357 585 381 670 ¹)
424 587 575 654 Audiant
602 585 664 650 illi:
695 584 876 664 Quorum
907 583 1018 650 Deus
1044 605 1138 648 ven·

144 697 211 752 ter
233 695 311 768 est,
333 696 370 752 et
393 685 540 770 glorio
562 686 604 748 in
628 685 878 751 confusione
900 682 1138 768 ipsorum.²)

143 785 294 852 Audiaut
324 785 394 850 isti:
424 783 672 850 Discedent
705 783 878 870 quidam
909 780 1051 848 asido.
1096 781 1141 848 Et
1190 843 1191 847 ,

144 883 348 971 paulopost:
370 881 693 948 Prohibentium
715 882 896 964 nubere,
919 879 1140 959 abstinere

141 982 317 1062 coibis,
350 1003 451 1068 quos
481 982 593 1046 Deos
622 983 791 1046 creavit
818 979 870 1046 ed
901 981 1139 1066 percipien-

142 1081 235 1147 dum
266 1101 350 1146 oum
388 1081 626 1163 gratiarum
655 1081 828 1146 actione
857 1079 1070 1145 fidelibus
1100 1091 1140 1144 et

143 1179 227 1257 his,
257 1181 328 1266 qni
358 1190 642 1262 cognoverunt
670 1181 945 1257 veritatemss)
989 1177 1140 1246 Audient

144 1277 211 1343 illi:
231 1279 385 1343 Bonum
408 1287 472 1342 est
492 1301 571 1344 nou
592 1278 849 1354 manducare
871 1300 1062 1362 carnem„
1078 1299 1139 1343 ne·

145 1399 222 1462 que
245 1375 388 1443 bibere
405 1377 556 1442 viuum:
581 1401 713 1464 neque
730 1381 772 1442 in
790 1401 865 1466 qno
886 1379 1024 1442 freter
1045 1387 1139 1443 tuus

145 1475 524 1563 scandalizatum)
567 1477 718 1542 Audiant
739 1478 812 1543 isti:
847 1477 1017 1543 Modico
1039 1479 1140 1542 vino

143 1584 266 1640 utere
304 1588 482 1662 propter
516 1577 777 1642 stomachum
813 1587 851 1640 et
879 1576 1139 1665 frequentes

142 1686 238 1738 tuas
268 1676 569 1741 infirmitates.
589 1674 615 1762 ⁵)
660 1675 836 1754 Quatenus
868 1687 900 1740 et
930 1675 977 1738 illi
1009 1674 1140 1742 discant

141 1772 234 1838 cibos
256 1775 369 1838 carnis
401 1771 591 1838 inordinate
620 1797 686 1838 non
710 1792 887 1862 appetere,
918 1785 950 1838 et
972 1775 1026 1838 isti
1049 1793 1140 1838 crea·

142 1881 254 1936 turam
275 1871 362 1951 Dei,
392 1894 490 1956 quam
513 1895 579 1937 non
602 1879 782 1958 appetunt,
805 1896 872 1938 non
895 1872 1041 1939 audeant
1063 1891 1138 1937 con·
1197 1960 1198 1963 Ἴ

144 1967 312 2033 demnare.

466 2119 700 2186 CAPUT
744 2119 821 2184 XX.

139 2257 314 2322 eroutodo
337 2257 557 2317 admonendi,
585 2255 641 2322 qni
667 2270 726 2306 suu
753 2253 990 2317 distribuunt,
1020 2257 1136 2320 etqui

487 2341 631 2408 rapiunt
658 2340 789 2394 alienu.

202 2473 309 2540 Aliter
330 2475 531 2542 admouendi
553 2487 640 2557 sunt,
665 2478 723 2562 qui
739 2478 811 2564 jam
834 2498 895 2540 suu
917 2473 1134 2540 misericordi·

137 2582 191 2638 ter
214 2571 384 2656 tribuunt3
416 2582 519 2662 etque
547 2574 646 2640 aliter
676 2576 733 2662 qui
754 2573 865 2640 adhuc
894 2575 928 2640 et
947 2573 1056 2640 aliena
1078 2595 1134 2638 re·

139 2691 220 2759 pore
241 2669 455 2738 contendunt
483 2672 693 2738 Admonendi
708 2696 852 2761 namque
876 2683 963 2756 sunt,
989 2675 1046 2759 qui
1063 2674 1136 2759 jem

140 2791 202 2836 sua
228 2771 487 2839 misericorditer
511 2771 681 2853 tribuunt,
711 2796 752 2837 ne
785 2774 987 2857 cogitatione
1009 2769 1136 2836 tumide

142 2887 242 2952 super
263 2891 319 2932 eos
341 2891 394 2951 oe,
419 2867 539 2955 quibus
567 2879 702 2934 terrena
725 2869 933 2954 largiuntur,
962 2863 1137 2948 extollant3

139 2983 183 3030 ne
205 2965 327 3055 idcirco
349 2991 385 3031 se
408 2969 563 3034 meliores
580 2968 769 3048 aestiment,
793 2971 874 3054 quia
888 2968 1053 3033 contineri
1074 2987 1136 3052 per

141 3086 178 3128 se
211 3073 338 3130 ceteros
365 3065 490 3135 vident.
533 3067 619 3132 Nam
647 3071 803 3131 terienao
833 3065 950 3131 domus
980 3063 1144 3130 dominus

136 3158 338 3229 'famulorum
358 3165 490 3232 ordines
511 3165 767 3252 ministeriaque
782 3162 983 3250 dispertiens
1006 3163 1079 3247 hos,
1098 3175 1138 3232 ut

140 3270 273 3346 regunt,
296 3261 470 3330 innuero
494 3263 626 3346 statuit,
647 3272 686 3327 ut
707 3261 750 3328 sb
773 3261 851 3328 aliis
873 3274 1042 3348 regantur.
1085 3263 1136 3328 le

140 3370 194 3427 tos
208 3358 319 3448 jubet,
340 3372 378 3429 ut
400 3362 591 3430 necessaris
614 3363 733 3428 ueteris
756 3359 961 3450 praebeant3
987 3361 1077 3443 illos,
1098 3374 1137 3428 ut

165 3579 190 3650 ¹)
206 3581 257 3638 rit
275 3582 300 3653 1,
320 3583 362 3640 15.
378 3581 451 3647 -‘¹)
469 3582 575 3652 Phili,
593 3583 635 3637 19.
654 3613 686 3624 ·-·
706 3581 728 3648 ⁸)
748 3583 845 3636 itin.
861 3581 961 3650 M&
981 3611 1014 3621 ·-
1033 3580 1137 3645 ‘tltom

207 3665 640 3738 tntis-‘tisianus
691 3682 692 3686 ’
884 3697 888 3707 ·
1117 3690 1125 3709 ¹
