<?xml version="1.0" encoding="UTF-8"?>
<!DOCTYPE html PUBLIC "-//W3C//DTD XHTML 1.0 Transitional//EN"
    "http://www.w3.org/TR/xhtml1/DTD/xhtml1-transitional.dtd">
<html xmlns="http://www.w3.org/1999/xhtml" xml:lang="en" lang="en">
 <head>
  <title>
</title>
<meta http-equiv="Content-Type" content="text/html;charset=utf-8" />
  <meta name='ocr-system' content='tesseract 3.04.00' />
  <meta name='ocr-capabilities' content='ocr_page ocr_carea ocr_par ocr_line ocrx_word'/>
</head>
<body>
  <div class='ocr_page' id='page_1' title='image "./sgregoriipapaei00westgoog_0261.png"; bbox 0 0 2520 4152; ppageno 0'>
   <div class='ocr_carea' id='block_1_1' title="bbox 565 153 884 260">
    <p class='ocr_par' dir='ltr' id='par_1_1' title="bbox 565 153 884 260">
     <span class='ocr_line' id='line_1_1' title="bbox 565 153 884 260; baseline 0.003 -44"><span class='ocrx_word' id='word_1_1' title='bbox 565 153 884 260; x_wconf 46' lang='lat' dir='ltr'><strong>..sm--¹</strong></span> 
     </span>
    </p>
   </div>
   <div class='ocr_carea' id='block_1_2' title="bbox 118 322 1186 3471">
    <p class='ocr_par' dir='ltr' id='par_1_2' title="bbox 173 322 1179 2064">
     <span class='ocr_line' id='line_1_2' title="bbox 241 322 1179 414; baseline 0.013 -27"><span class='ocrx_word' id='word_1_2' title='bbox 241 322 342 406; x_wconf 73' lang='lat' dir='ltr'><strong>Quod</strong></span> <span class='ocrx_word' id='word_1_3' title='bbox 364 342 443 390; x_wconf 80' lang='lat' dir='ltr'><strong>sero</strong></span> <span class='ocrx_word' id='word_1_4' title='bbox 464 323 499 389; x_wconf 86' lang='lat' dir='ltr'><strong>in</strong></span> <span class='ocrx_word' id='word_1_5' title='bbox 521 324 571 388; x_wconf 82' lang='lat' dir='ltr'><strong>eia</strong></span> <span class='ocrx_word' id='word_1_6' title='bbox 588 327 689 411; x_wconf 75' lang='lat' dir='ltr'><strong>justa</strong></span> <span class='ocrx_word' id='word_1_7' title='bbox 711 329 1048 414; x_wconf 70' lang='lat' dir='ltr'><strong>amiquunmoren,</strong></span> <span class='ocrx_word' id='word_1_8' title='bbox 1081 348 1179 407; x_wconf 75' lang='lat' dir='ltr'><strong>usum</strong></span> 
     </span>
     <span class='ocr_line' id='line_1_3' title="bbox 178 405 1178 495; baseline 0.012 -21"><span class='ocrx_word' id='word_1_9' title='bbox 178 406 278 495; x_wconf 78' lang='lat' dir='ltr'><strong>pallii</strong></span> <span class='ocrx_word' id='word_1_10' title='bbox 299 428 340 474; x_wconf 82' lang='lat' dir='ltr'><strong>ae</strong></span> <span class='ocrx_word' id='word_1_11' title='bbox 359 410 452 476; x_wconf 61' lang='lat' dir='ltr'><strong>,vices</strong></span> <span class='ocrx_word' id='word_1_12' title='bbox 475 405 572 478; x_wconf 83' lang='lat' dir='ltr'><strong>Sedis</strong></span> <span class='ocrx_word' id='word_1_13' title='bbox 591 407 796 494; x_wconf 83' lang='lat' dir='ltr'><strong>apostolicae</strong></span> <span class='ocrx_word' id='word_1_14' title='bbox 817 410 1010 495; x_wconf 81' lang='lat' dir='ltr'><strong>postulasti,</strong></span> <span class='ocrx_word' id='word_1_15' title='bbox 1031 409 1178 492; x_wconf 72' lang='lat' dir='ltr'><strong>status</strong></span> 
     </span>
     <span class='ocr_line' id='line_1_4' title="bbox 179 489 1177 574; baseline 0.001 -14"><span class='ocrx_word' id='word_1_16' title='bbox 179 501 240 560; x_wconf 81' lang='lat' dir='ltr'><strong>aut</strong></span> <span class='ocrx_word' id='word_1_17' title='bbox 260 492 475 558; x_wconf 69' lang='lat' dir='ltr'><strong>transitoriae</strong></span> <span class='ocrx_word' id='word_1_18' title='bbox 491 492 665 574; x_wconf 82' lang='lat' dir='ltr'><strong>potestatis</strong></span> <span class='ocrx_word' id='word_1_19' title='bbox 676 489 826 572; x_wconf 86' lang='lat' dir='ltr'><strong>culmen,</strong></span> <span class='ocrx_word' id='word_1_20' title='bbox 850 505 910 558; x_wconf 86' lang='lat' dir='ltr'><strong>aut</strong></span> <span class='ocrx_word' id='word_1_21' title='bbox 921 493 1095 564; x_wconf 73' lang='lat' dir='ltr'><strong>exterioris</strong></span> <span class='ocrx_word' id='word_1_22' title='bbox 1109 493 1177 566; x_wconf 85' lang='lat' dir='ltr'><strong>cul·</strong></span> 
     </span>
     <span class='ocr_line' id='line_1_5' title="bbox 179 571 1176 662; baseline 0.004 -22"><span class='ocrx_word' id='word_1_23' title='bbox 179 584 233 640; x_wconf 84' lang='lat' dir='ltr'><strong>tus</strong></span> <span class='ocrx_word' id='word_1_24' title='bbox 256 580 411 640; x_wconf 78' lang='lat' dir='ltr'><strong>ornatum</strong></span> <span class='ocrx_word' id='word_1_25' title='bbox 431 571 455 656; x_wconf 83' lang='lat'><strong>¹)</strong></span> <span class='ocrx_word' id='word_1_26' title='bbox 479 574 515 636; x_wconf 91' lang='lat' dir='ltr'><strong>in</strong></span> <span class='ocrx_word' id='word_1_27' title='bbox 536 571 666 640; x_wconf 82' lang='lat' dir='ltr'><strong>vicibus</strong></span> <span class='ocrx_word' id='word_1_28' title='bbox 687 575 812 640; x_wconf 87' lang='lat' dir='ltr'><strong>nostris</strong></span> <span class='ocrx_word' id='word_1_29' title='bbox 833 574 987 661; x_wconf 87' lang='lat' dir='ltr'><strong>acpallio</strong></span> <span class='ocrx_word' id='word_1_30' title='bbox 1003 579 1176 662; x_wconf 88' lang='lat' dir='ltr'><strong>quaesisse</strong></span> 
     </span>
     <span class='ocr_line' id='line_1_6' title="bbox 177 653 1175 740; baseline 0.004 -18"><span class='ocrx_word' id='word_1_31' title='bbox 177 669 210 722; x_wconf 87' lang='lat' dir='ltr'><strong>te</strong></span> <span class='ocrx_word' id='word_1_32' title='bbox 233 656 392 740; x_wconf 88' lang='lat' dir='ltr'><strong>suspicer.</strong></span> <span class='ocrx_word' id='word_1_33' title='bbox 440 653 507 720; x_wconf 86' lang='lat' dir='ltr'><strong>Sed</strong></span> <span class='ocrx_word' id='word_1_34' title='bbox 530 656 610 738; x_wconf 88' lang='lat' dir='ltr'><strong>quia</strong></span> <span class='ocrx_word' id='word_1_35' title='bbox 632 659 760 722; x_wconf 89' lang='lat' dir='ltr'><strong>eunctis</strong></span> <span class='ocrx_word' id='word_1_36' title='bbox 781 655 807 722; x_wconf 92' lang='lat' dir='ltr'><strong>li</strong></span> <span class='ocrx_word' id='word_1_37' title='bbox 833 669 906 738; x_wconf 87' lang='lat' dir='ltr'><strong>net,</strong></span> <span class='ocrx_word' id='word_1_38' title='bbox 930 657 1020 726; x_wconf 89' lang='lat' dir='ltr'><strong>unde</strong></span> <span class='ocrx_word' id='word_1_39' title='bbox 1042 659 1077 724; x_wconf 91' lang='lat' dir='ltr'><strong>in</strong></span> <span class='ocrx_word' id='word_1_40' title='bbox 1095 657 1175 726; x_wconf 81' lang='lat' dir='ltr'><strong>(lal-</strong></span> 
     </span>
     <span class='ocr_line' id='line_1_7' title="bbox 176 679 1177 826; baseline 0.007 -23"><span class='ocrx_word' id='word_1_41' title='bbox 176 738 295 805; x_wconf 85' lang='lat' dir='ltr'><strong>liarura</strong></span> <span class='ocrx_word' id='word_1_42' title='bbox 315 757 333 802; x_wconf 87' lang='lat' dir='ltr'><strong>r</strong></span> <span class='ocrx_word' id='word_1_43' title='bbox 377 736 513 803; x_wconf 80' lang='lat' dir='ltr'><strong>ionibus</strong></span> <span class='ocrx_word' id='word_1_44' title='bbox 522 737 608 804; x_wconf 89' lang='lat' dir='ltr'><strong>fides</strong></span> <span class='ocrx_word' id='word_1_45' title='bbox 623 751 740 807; x_wconf 82' lang='lat' dir='ltr'><strong>sancta</strong></span> <span class='ocrx_word' id='word_1_46' title='bbox 754 679 925 825; x_wconf 70' lang='lat' dir='ltr'><strong>prodierit,</strong></span> <span class='ocrx_word' id='word_1_47' title='bbox 948 763 1022 808; x_wconf 84' lang='lat' dir='ltr'><strong>eum</strong></span> <span class='ocrx_word' id='word_1_48' title='bbox 1035 744 1177 826; x_wconf 78' lang='lat' dir='ltr'><strong>priscam</strong></span> 
     </span>
     <span class='ocr_line' id='line_1_8' title="bbox 178 819 1179 906; baseline 0.004 -18"><span class='ocrx_word' id='word_1_49' title='bbox 178 830 340 890; x_wconf 80' lang='lat' dir='ltr'><strong>consuetu</strong></span> <span class='ocrx_word' id='word_1_50' title='bbox 366 823 452 886; x_wconf 90' lang='lat' dir='ltr'><strong>inem</strong></span> <span class='ocrx_word' id='word_1_51' title='bbox 475 819 571 886; x_wconf 79' lang='lat' dir='ltr'><strong>Sedis</strong></span> <span class='ocrx_word' id='word_1_52' title='bbox 602 821 805 906; x_wconf 82' lang='lat' dir='ltr'><strong>apostolieae</strong></span> <span class='ocrx_word' id='word_1_53' title='bbox 828 824 1039 891; x_wconf 77' lang='lat' dir='ltr'><strong>Fraternitas</strong></span> <span class='ocrx_word' id='word_1_54' title='bbox 1064 837 1179 893; x_wconf 83' lang='lat' dir='ltr'><strong>vestra</strong></span> 
     </span>
     <span class='ocr_line' id='line_1_9' title="bbox 178 900 1177 990; baseline 0.008 -24"><span class='ocrx_word' id='word_1_55' title='bbox 178 905 316 990; x_wconf 87' lang='lat' dir='ltr'><strong>repetit:</strong></span> <span class='ocrx_word' id='word_1_56' title='bbox 352 903 434 988; x_wconf 86' lang='lat' dir='ltr'><strong>quid</strong></span> <span class='ocrx_word' id='word_1_57' title='bbox 463 900 557 970; x_wconf 87' lang='lat' dir='ltr'><strong>aliud</strong></span> <span class='ocrx_word' id='word_1_58' title='bbox 586 926 685 988; x_wconf 89' lang='lat' dir='ltr'><strong>quam</strong></span> <span class='ocrx_word' id='word_1_59' title='bbox 714 903 802 973; x_wconf 87' lang='lat' dir='ltr'><strong>bona</strong></span> <span class='ocrx_word' id='word_1_60' title='bbox 835 905 967 975; x_wconf 78' lang='lat' dir='ltr'><strong>soboles</strong></span> <span class='ocrx_word' id='word_1_61' title='bbox 995 907 1040 972; x_wconf 91' lang='lat' dir='ltr'><strong>ad</strong></span> <span class='ocrx_word' id='word_1_62' title='bbox 1067 910 1177 979; x_wconf 86' lang='lat' dir='ltr'><strong>sinum</strong></span> 
     </span>
     <span class='ocr_line' id='line_1_10' title="bbox 179 985 1177 1074; baseline 0 -18"><span class='ocrx_word' id='word_1_63' title='bbox 179 990 294 1056; x_wconf 80' lang='lat' dir='ltr'><strong>matris</strong></span> <span class='ocrx_word' id='word_1_64' title='bbox 314 986 475 1052; x_wconf 73' lang='lat' dir='ltr'><strong>recurrit?</strong></span> <span class='ocrx_word' id='word_1_65' title='bbox 517 985 655 1050; x_wconf 86' lang='lat' dir='ltr'><strong>Libenti</strong></span> <span class='ocrx_word' id='word_1_66' title='bbox 677 1007 712 1052; x_wconf 87' lang='lat' dir='ltr'><strong>er</strong></span> <span class='ocrx_word' id='word_1_67' title='bbox 738 1011 757 1054; x_wconf 93' lang='lat' dir='ltr'><strong>o</strong></span> <span class='ocrx_word' id='word_1_68' title='bbox 779 988 890 1054; x_wconf 88' lang='lat' dir='ltr'><strong>animo</strong></span> <span class='ocrx_word' id='word_1_69' title='bbox 914 989 1080 1074; x_wconf 87' lang='lat' dir='ltr'><strong>postulata</strong></span> <span class='ocrx_word' id='word_1_70' title='bbox 1100 1014 1177 1056; x_wconf 88' lang='lat' dir='ltr'><strong>cou-</strong></span> 
     </span>
     <span class='ocr_line' id='line_1_11' title="bbox 177 1059 1179 1156; baseline 0.002 -20"><span class='ocrx_word' id='word_1_71' title='bbox 177 1069 341 1147; x_wconf 87' lang='lat' dir='ltr'><strong>oedimus,</strong></span> <span class='ocrx_word' id='word_1_72' title='bbox 377 1091 417 1135; x_wconf 88' lang='lat' dir='ltr'><strong>ue</strong></span> <span class='ocrx_word' id='word_1_73' title='bbox 445 1077 504 1133; x_wconf 89' lang='lat' dir='ltr'><strong>aut</strong></span> <span class='ocrx_word' id='word_1_74' title='bbox 530 1059 623 1134; x_wconf 85' lang='lat' dir='ltr'><strong>vobis</strong></span> <span class='ocrx_word' id='word_1_75' title='bbox 646 1071 703 1156; x_wconf 90' lang='lat' dir='ltr'><strong>qui</strong></span> <span class='ocrx_word' id='word_1_76' title='bbox 728 1093 828 1156; x_wconf 88' lang='lat' dir='ltr'><strong>quam</strong></span> <span class='ocrx_word' id='word_1_77' title='bbox 857 1071 898 1138; x_wconf 87' lang='lat' dir='ltr'><strong>de</strong></span> <span class='ocrx_word' id='word_1_78' title='bbox 919 1071 1033 1140; x_wconf 90' lang='lat' dir='ltr'><strong>debito</strong></span> <span class='ocrx_word' id='word_1_79' title='bbox 1053 1075 1179 1141; x_wconf 88' lang='lat' dir='ltr'><strong>bonore</strong></span> 
     </span>
     <span class='ocr_line' id='line_1_12' title="bbox 178 1150 1175 1238; baseline 0.003 -20"><span class='ocrx_word' id='word_1_80' title='bbox 178 1150 393 1228; x_wconf 86' lang='lat' dir='ltr'><strong>subtrahere,</strong></span> <span class='ocrx_word' id='word_1_81' title='bbox 423 1160 481 1215; x_wconf 88' lang='lat' dir='ltr'><strong>aut</strong></span> <span class='ocrx_word' id='word_1_82' title='bbox 503 1151 814 1238; x_wconf 78' lang='lat' dir='ltr'><strong>praecellentissimi</strong></span> <span class='ocrx_word' id='word_1_83' title='bbox 836 1153 897 1218; x_wconf 92' lang='lat' dir='ltr'><strong>filii</strong></span> <span class='ocrx_word' id='word_1_84' title='bbox 918 1157 1024 1222; x_wconf 78' lang='lat' dir='ltr'><strong>nostri</strong></span> <span class='ocrx_word' id='word_1_85' title='bbox 1045 1153 1175 1220; x_wconf 84' lang='lat' dir='ltr'><strong>Cbilde-</strong></span> 
     </span>
     <span class='ocr_line' id='line_1_13' title="bbox 176 1233 1177 1320; baseline 0.004 -22"><span class='ocrx_word' id='word_1_86' title='bbox 176 1233 263 1302; x_wconf 85' lang='lat' dir='ltr'><strong>berti</strong></span> <span class='ocrx_word' id='word_1_87' title='bbox 288 1235 379 1316; x_wconf 79' lang='lat' dir='ltr'><strong>regis</strong></span> <span class='ocrx_word' id='word_1_88' title='bbox 406 1234 598 1320; x_wconf 76' lang='lat' dir='ltr'><strong>petitionem</strong></span> <span class='ocrx_word' id='word_1_89' title='bbox 630 1237 844 1302; x_wconf 75' lang='lat' dir='ltr'><strong>contemsisse</strong></span> <span class='ocrx_word' id='word_1_90' title='bbox 874 1237 1058 1302; x_wconf 83' lang='lat' dir='ltr'><strong>videamur.</strong></span> <span class='ocrx_word' id='word_1_91' title='bbox 1109 1237 1177 1310; x_wconf 88' lang='lat' dir='ltr'><strong>Sed</strong></span> 
     </span>
     <span class='ocr_line' id='line_1_14' title="bbox 173 1314 1179 1404; baseline 0.002 -22"><span class='ocrx_word' id='word_1_92' title='bbox 173 1318 246 1404; x_wconf 86' lang='lat' dir='ltr'><strong>jam</strong></span> <span class='ocrx_word' id='word_1_93' title='bbox 267 1339 357 1388; x_wconf 74' lang='lat' dir='ltr'><strong>nurse</strong></span> <span class='ocrx_word' id='word_1_94' title='bbox 379 1314 488 1380; x_wconf 90' lang='lat' dir='ltr'><strong>studio</strong></span> <span class='ocrx_word' id='word_1_95' title='bbox 511 1317 630 1402; x_wconf 86' lang='lat' dir='ltr'><strong>majori</strong></span> <span class='ocrx_word' id='word_1_96' title='bbox 657 1339 711 1385; x_wconf 85' lang='lat' dir='ltr'><strong>res</strong></span> <span class='ocrx_word' id='word_1_97' title='bbox 739 1317 885 1404; x_wconf 82' lang='lat' dir='ltr'><strong>indiget,</strong></span> <span class='ocrx_word' id='word_1_98' title='bbox 917 1329 954 1390; x_wconf 85' lang='lat' dir='ltr'><strong>ut</strong></span> <span class='ocrx_word' id='word_1_99' title='bbox 974 1343 1048 1388; x_wconf 87' lang='lat' dir='ltr'><strong>cum</strong></span> <span class='ocrx_word' id='word_1_100' title='bbox 1070 1317 1179 1391; x_wconf 82' lang='lat' dir='ltr'><strong>bonor</strong></span> 
     </span>
     <span class='ocr_line' id='line_1_15' title="bbox 176 1397 1174 1486; baseline 0.006 -22"><span class='ocrx_word' id='word_1_101' title='bbox 176 1401 309 1479; x_wconf 84' lang='lat' dir='ltr'><strong>erescit,</strong></span> <span class='ocrx_word' id='word_1_102' title='bbox 339 1400 439 1463; x_wconf 88' lang='lat' dir='ltr'><strong>etiam</strong></span> <span class='ocrx_word' id='word_1_103' title='bbox 463 1397 650 1466; x_wconf 81' lang='lat' dir='ltr'><strong>sollicitudo</strong></span> <span class='ocrx_word' id='word_1_104' title='bbox 674 1400 839 1484; x_wconf 86' lang='lat' dir='ltr'><strong>proficiat,</strong></span> <span class='ocrx_word' id='word_1_105' title='bbox 870 1412 903 1466; x_wconf 89' lang='lat' dir='ltr'><strong>et</strong></span> <span class='ocrx_word' id='word_1_106' title='bbox 925 1423 1007 1486; x_wconf 84' lang='lat' dir='ltr'><strong>erga</strong></span> <span class='ocrx_word' id='word_1_107' title='bbox 1029 1411 1174 1470; x_wconf 77' lang='lat' dir='ltr'><strong>caetero·</strong></span> 
     </span>
     <span class='ocr_line' id='line_1_16' title="bbox 174 1481 1176 1572; baseline 0.006 -28"><span class='ocrx_word' id='word_1_108' title='bbox 174 1503 247 1549; x_wconf 87' lang='lat' dir='ltr'><strong>rum</strong></span> <span class='ocrx_word' id='word_1_109' title='bbox 276 1481 458 1546; x_wconf 78' lang='lat' dir='ltr'><strong>custodiam</strong></span> <span class='ocrx_word' id='word_1_110' title='bbox 489 1481 662 1566; x_wconf 83' lang='lat' dir='ltr'><strong>vigilantia</strong></span> <span class='ocrx_word' id='word_1_111' title='bbox 699 1494 885 1565; x_wconf 85' lang='lat' dir='ltr'><strong>excrescat,</strong></span> <span class='ocrx_word' id='word_1_112' title='bbox 921 1489 1011 1552; x_wconf 86' lang='lat' dir='ltr'><strong>vitae</strong></span> <span class='ocrx_word' id='word_1_113' title='bbox 1041 1507 1176 1572; x_wconf 88' lang='lat' dir='ltr'><strong>quoque</strong></span> 
     </span>
     <span class='ocr_line' id='line_1_17' title="bbox 175 1562 1176 1653; baseline 0.006 -25"><span class='ocrx_word' id='word_1_114' title='bbox 175 1565 291 1630; x_wconf 83' lang='lat' dir='ltr'><strong>merita</strong></span> <span class='ocrx_word' id='word_1_115' title='bbox 314 1563 476 1650; x_wconf 83' lang='lat' dir='ltr'><strong>subjectis</strong></span> <span class='ocrx_word' id='word_1_116' title='bbox 499 1562 744 1650; x_wconf 79' lang='lat' dir='ltr'><strong>inexemplum</strong></span> <span class='ocrx_word' id='word_1_117' title='bbox 766 1568 922 1647; x_wconf 87' lang='lat' dir='ltr'><strong>veniant,</strong></span> <span class='ocrx_word' id='word_1_118' title='bbox 949 1577 984 1634; x_wconf 89' lang='lat' dir='ltr'><strong>et</strong></span> <span class='ocrx_word' id='word_1_119' title='bbox 1004 1590 1176 1653; x_wconf 85' lang='lat' dir='ltr'><strong>nunquam</strong></span> 
     </span>
     <span class='ocr_line' id='line_1_18' title="bbox 177 1646 1173 1732; baseline 0.002 -20"><span class='ocrx_word' id='word_1_120' title='bbox 177 1668 240 1712; x_wconf 86' lang='lat' dir='ltr'><strong>sua</strong></span> <span class='ocrx_word' id='word_1_121' title='bbox 261 1667 322 1732; x_wconf 89' lang='lat' dir='ltr'><strong>pcr</strong></span> <span class='ocrx_word' id='word_1_122' title='bbox 342 1648 489 1732; x_wconf 88' lang='lat' dir='ltr'><strong>suscepti</strong></span> <span class='ocrx_word' id='word_1_123' title='bbox 510 1646 645 1718; x_wconf 83' lang='lat' dir='ltr'><strong>honoris</strong></span> <span class='ocrx_word' id='word_1_124' title='bbox 667 1649 826 1732; x_wconf 83' lang='lat' dir='ltr'><strong>gratiam,</strong></span> <span class='ocrx_word' id='word_1_125' title='bbox 862 1649 920 1714; x_wconf 91' lang='lat' dir='ltr'><strong>sed</strong></span> <span class='ocrx_word' id='word_1_126' title='bbox 947 1649 1041 1724; x_wconf 86' lang='lat' dir='ltr'><strong>lucra</strong></span> <span class='ocrx_word' id='word_1_127' title='bbox 1069 1649 1173 1716; x_wconf 87' lang='lat' dir='ltr'><strong>coelo-</strong></span> 
     </span>
     <span class='ocr_line' id='line_1_19' title="bbox 177 1729 1176 1820; baseline 0.006 -26"><span class='ocrx_word' id='word_1_128' title='bbox 177 1731 237 1795; x_wconf 89' lang='lat' dir='ltr'><strong>stis</strong></span> <span class='ocrx_word' id='word_1_129' title='bbox 274 1730 404 1814; x_wconf 87' lang='lat' dir='ltr'><strong>patriae</strong></span> <span class='ocrx_word' id='word_1_130' title='bbox 438 1742 549 1794; x_wconf 85' lang='lat' dir='ltr'><strong>vestra</strong></span> <span class='ocrx_word' id='word_1_131' title='bbox 584 1729 795 1796; x_wconf 79' lang='lat' dir='ltr'><strong>Fraternitas</strong></span> <span class='ocrx_word' id='word_1_132' title='bbox 834 1733 999 1820; x_wconf 85' lang='lat' dir='ltr'><strong>exquirat.</strong></span> <span class='ocrx_word' id='word_1_133' title='bbox 1061 1733 1176 1800; x_wconf 85' lang='lat' dir='ltr'><strong>Nostis</strong></span> 
     </span>
     <span class='ocr_line' id='line_1_20' title="bbox 177 1811 1178 1898; baseline 0.006 -22"><span class='ocrx_word' id='word_1_134' title='bbox 177 1815 276 1892; x_wconf 88' lang='lat' dir='ltr'><strong>enim,</strong></span> <span class='ocrx_word' id='word_1_135' title='bbox 301 1811 383 1896; x_wconf 90' lang='lat' dir='ltr'><strong>quid</strong></span> <span class='ocrx_word' id='word_1_136' title='bbox 404 1811 524 1876; x_wconf 87' lang='lat' dir='ltr'><strong>beatus</strong></span> <span class='ocrx_word' id='word_1_137' title='bbox 546 1813 730 1898; x_wconf 88' lang='lat' dir='ltr'><strong>Apostolus</strong></span> <span class='ocrx_word' id='word_1_138' title='bbox 748 1837 885 1898; x_wconf 87' lang='lat' dir='ltr'><strong>gemens</strong></span> <span class='ocrx_word' id='word_1_139' title='bbox 901 1813 1004 1882; x_wconf 87' lang='lat' dir='ltr'><strong>dicat:</strong></span> <span class='ocrx_word' id='word_1_140' title='bbox 1027 1813 1178 1882; x_wconf 85' lang='lat' dir='ltr'><strong>Omnes-</strong></span> 
     </span>
     <span class='ocr_line' id='line_1_21' title="bbox 176 1897 1179 1985; baseline 0.002 -25"><span class='ocrx_word' id='word_1_141' title='bbox 176 1897 281 1960; x_wconf 86' lang='lat' dir='ltr'><strong>enim</strong></span> <span class='ocrx_word' id='word_1_142' title='bbox 346 1917 426 1958; x_wconf 88' lang='lat' dir='ltr'><strong>uae</strong></span> <span class='ocrx_word' id='word_1_143' title='bbox 460 1918 532 1960; x_wconf 90' lang='lat' dir='ltr'><strong>sua</strong></span> <span class='ocrx_word' id='word_1_144' title='bbox 565 1906 659 1960; x_wconf 89' lang='lat' dir='ltr'><strong>sunt</strong></span> <span class='ocrx_word' id='word_1_145' title='bbox 687 1908 911 1982; x_wconf 86' lang='lat' dir='ltr'><strong>quaerunt,</strong></span> <span class='ocrx_word' id='word_1_146' title='bbox 953 1922 1032 1965; x_wconf 91' lang='lat' dir='ltr'><strong>non</strong></span> <span class='ocrx_word' id='word_1_147' title='bbox 1066 1921 1179 1985; x_wconf 87' lang='lat' dir='ltr'><strong>quae</strong></span> 
     </span>
     <span class='ocr_line' id='line_1_22' title="bbox 178 1975 641 2064; baseline 0 -22"><span class='ocrx_word' id='word_1_148' title='bbox 178 1975 323 2042; x_wconf 80' lang='lat' dir='ltr'><strong>suntO</strong></span> <span class='ocrx_word' id='word_1_149' title='bbox 360 1977 589 2047; x_wconf 76' lang='lat' dir='ltr'><strong>ristilesu.</strong></span> <span class='ocrx_word' id='word_1_150' title='bbox 614 1976 641 2064; x_wconf 82' lang='lat'><strong>²)</strong></span> 
     </span>
    </p>

    <p class='ocr_par' dir='ltr' id='par_1_3' title="bbox 118 2059 1181 2476">
     <span class='ocr_line' id='line_1_23' title="bbox 241 2059 1179 2208; baseline 0.005 -84"><span class='ocrx_word' id='word_1_151' title='bbox 241 2059 451 2139; x_wconf 76' lang='lat' dir='ltr'><strong>Quibusdam</strong></span> <span class='ocrx_word' id='word_1_152' title='bbox 475 2083 619 2146; x_wconf 89' lang='lat' dir='ltr'><strong>namque</strong></span> <span class='ocrx_word' id='word_1_153' title='bbox 642 2060 867 2146; x_wconf 85' lang='lat' dir='ltr'><strong>narrantibus,</strong></span> <span class='ocrx_word' id='word_1_154' title='bbox 892 2063 1013 2208; x_wconf 54' lang='lat' dir='ltr'><strong>apocri</strong></span> <span class='ocrx_word' id='word_1_155' title='bbox 1031 2064 1119 2150; x_wconf 88' lang='lat' dir='ltr'><strong>quod</strong></span> <span class='ocrx_word' id='word_1_156' title='bbox 1140 2065 1179 2129; x_wconf 86' lang='lat' dir='ltr'><strong>in</strong></span> 
     </span>
     <span class='ocr_line' id='line_1_24' title="bbox 177 2139 1180 2228; baseline 0.004 -22"><span class='ocrx_word' id='word_1_157' title='bbox 177 2139 359 2208; x_wconf 81' lang='lat' dir='ltr'><strong>Galliarum</strong></span> <span class='ocrx_word' id='word_1_158' title='bbox 384 2142 439 2207; x_wconf 83' lang='lat' dir='ltr'><strong>vel</strong></span> <span class='ocrx_word' id='word_1_159' title='bbox 464 2143 664 2208; x_wconf 82' lang='lat' dir='ltr'><strong>Germaniae</strong></span> <span class='ocrx_word' id='word_1_160' title='bbox 687 2143 840 2228; x_wconf 86' lang='lat' dir='ltr'><strong>partibus</strong></span> <span class='ocrx_word' id='word_1_161' title='bbox 861 2144 918 2210; x_wconf 82' lang='lat' dir='ltr'><strong>riul</strong></span> <span class='ocrx_word' id='word_1_162' title='bbox 936 2167 974 2210; x_wconf 90' lang='lat' dir='ltr'><strong>ns</strong></span> <span class='ocrx_word' id='word_1_163' title='bbox 987 2145 1031 2210; x_wconf 88' lang='lat' dir='ltr'><strong>ad</strong></span> <span class='ocrx_word' id='word_1_164' title='bbox 1045 2169 1180 2212; x_wconf 86' lang='lat' dir='ltr'><strong>sacrum</strong></span> 
     </span>
     <span class='ocr_line' id='line_1_25' title="bbox 175 2224 1181 2313; baseline 0.006 -25"><span class='ocrx_word' id='word_1_165' title='bbox 175 2225 324 2292; x_wconf 87' lang='lat' dir='ltr'><strong>ordinem</strong></span> <span class='ocrx_word' id='word_1_166' title='bbox 346 2230 419 2292; x_wconf 90' lang='lat' dir='ltr'><strong>sine</strong></span> <span class='ocrx_word' id='word_1_167' title='bbox 448 2224 607 2292; x_wconf 87' lang='lat' dir='ltr'><strong>commodi</strong></span> <span class='ocrx_word' id='word_1_168' title='bbox 637 2227 770 2290; x_wconf 87' lang='lat' dir='ltr'><strong>datione</strong></span> <span class='ocrx_word' id='word_1_169' title='bbox 800 2228 982 2313; x_wconf 88' lang='lat' dir='ltr'><strong>perveniat.</strong></span> <span class='ocrx_word' id='word_1_170' title='bbox 1025 2227 1181 2306; x_wconf 77' lang='lat' dir='ltr'><strong>Quodsi</strong></span> 
     </span>
     <span class='ocr_line' id='line_1_26' title="bbox 176 2307 1177 2394; baseline 0.003 -23"><span class='ocrx_word' id='word_1_171' title='bbox 176 2307 225 2374; x_wconf 90' lang='lat' dir='ltr'><strong>ita</strong></span> <span class='ocrx_word' id='word_1_172' title='bbox 251 2321 316 2387; x_wconf 88' lang='lat' dir='ltr'><strong>est,</strong></span> <span class='ocrx_word' id='word_1_173' title='bbox 338 2309 421 2375; x_wconf 87' lang='lat' dir='ltr'><strong>fleus</strong></span> <span class='ocrx_word' id='word_1_174' title='bbox 443 2308 535 2388; x_wconf 86' lang='lat' dir='ltr'><strong>dico,</strong></span> <span class='ocrx_word' id='word_1_175' title='bbox 559 2330 693 2392; x_wconf 84' lang='lat' dir='ltr'><strong>gemens</strong></span> <span class='ocrx_word' id='word_1_176' title='bbox 716 2309 889 2388; x_wconf 87' lang='lat' dir='ltr'><strong>denuntio,</strong></span> <span class='ocrx_word' id='word_1_177' title='bbox 920 2311 999 2394; x_wconf 86' lang='lat' dir='ltr'><strong>quia</strong></span> <span class='ocrx_word' id='word_1_178' title='bbox 1022 2331 1094 2374; x_wconf 88' lang='lat' dir='ltr'><strong>cum</strong></span> <span class='ocrx_word' id='word_1_179' title='bbox 1123 2334 1177 2374; x_wconf 89' lang='lat' dir='ltr'><strong>sa-</strong></span> 
     </span>
     <span class='ocr_line' id='line_1_27' title="bbox 118 2391 1177 2476; baseline 0.004 -22"><span class='ocrx_word' id='word_1_180' title='bbox 118 2443 131 2464; x_wconf 45' lang='lat'><em>(</em></span> <span class='ocrx_word' id='word_1_181' title='bbox 176 2391 355 2456; x_wconf 87' lang='lat' dir='ltr'><strong>cerdotalis</strong></span> <span class='ocrx_word' id='word_1_182' title='bbox 377 2391 456 2456; x_wconf 87' lang='lat' dir='ltr'><strong>ordo</strong></span> <span class='ocrx_word' id='word_1_183' title='bbox 479 2393 571 2456; x_wconf 86' lang='lat' dir='ltr'><strong>intus</strong></span> <span class='ocrx_word' id='word_1_184' title='bbox 593 2392 728 2472; x_wconf 83' lang='lat' dir='ltr'><strong>cecidit,</strong></span> <span class='ocrx_word' id='word_1_185' title='bbox 751 2393 830 2456; x_wconf 85' lang='lat' dir='ltr'><strong>loris</strong></span> <span class='ocrx_word' id='word_1_186' title='bbox 852 2412 916 2476; x_wconf 88' lang='lat' dir='ltr'><strong>quo</strong></span> <span class='ocrx_word' id='word_1_187' title='bbox 938 2413 984 2456; x_wconf 87' lang='lat' dir='ltr'><strong>ue</strong></span> <span class='ocrx_word' id='word_1_188' title='bbox 1009 2391 1064 2455; x_wconf 90' lang='lat' dir='ltr'><strong>diu</strong></span> <span class='ocrx_word' id='word_1_189' title='bbox 1085 2404 1177 2458; x_wconf 87' lang='lat' dir='ltr'><strong>stare</strong></span> 
     </span>
    </p>

    <p class='ocr_par' dir='ltr' id='par_1_4' title="bbox 170 2413 1186 3304">
     <span class='ocr_line' id='line_1_28' title="bbox 176 2413 1181 2560; baseline 0.004 -24"><span class='ocrx_word' id='word_1_190' title='bbox 176 2495 243 2536; x_wconf 90' lang='lat' dir='ltr'><strong>non</strong></span> <span class='ocrx_word' id='word_1_191' title='bbox 266 2475 397 2558; x_wconf 89' lang='lat' dir='ltr'><strong>poterit.</strong></span> <span class='ocrx_word' id='word_1_192' title='bbox 444 2473 572 2540; x_wconf 86' lang='lat' dir='ltr'><strong>Scimus</strong></span> <span class='ocrx_word' id='word_1_193' title='bbox 595 2474 718 2560; x_wconf 89' lang='lat' dir='ltr'><strong>quippe</strong></span> <span class='ocrx_word' id='word_1_194' title='bbox 742 2495 783 2535; x_wconf 87' lang='lat' dir='ltr'><strong>ex</strong></span> <span class='ocrx_word' id='word_1_195' title='bbox 799 2413 986 2556; x_wconf 54' lang='lat' dir='ltr'><strong>evangelio,</strong></span> <span class='ocrx_word' id='word_1_196' title='bbox 1010 2474 1090 2558; x_wconf 90' lang='lat' dir='ltr'><strong>quid</strong></span> <span class='ocrx_word' id='word_1_197' title='bbox 1110 2477 1181 2542; x_wconf 86' lang='lat' dir='ltr'><strong>Re·-</strong></span> 
     </span>
     <span class='ocr_line' id='line_1_29' title="bbox 176 2553 1184 2644; baseline 0.005 -26"><span class='ocrx_word' id='word_1_198' title='bbox 176 2553 305 2620; x_wconf 86' lang='lat' dir='ltr'><strong>demtor</strong></span> <span class='ocrx_word' id='word_1_199' title='bbox 326 2565 440 2621; x_wconf 85' lang='lat' dir='ltr'><strong>noster</strong></span> <span class='ocrx_word' id='word_1_200' title='bbox 461 2577 521 2643; x_wconf 86' lang='lat' dir='ltr'><strong>per</strong></span> <span class='ocrx_word' id='word_1_201' title='bbox 542 2559 753 2640; x_wconf 88' lang='lat' dir='ltr'><strong>semetipsum</strong></span> <span class='ocrx_word' id='word_1_202' title='bbox 775 2554 911 2636; x_wconf 85' lang='lat' dir='ltr'><strong>fecerit,</strong></span> <span class='ocrx_word' id='word_1_203' title='bbox 943 2559 1023 2644; x_wconf 89' lang='lat' dir='ltr'><strong>quia</strong></span> <span class='ocrx_word' id='word_1_204' title='bbox 1045 2558 1184 2643; x_wconf 88' lang='lat' dir='ltr'><strong>ingres·-</strong></span> 
     </span>
     <span class='ocr_line' id='line_1_30' title="bbox 176 2637 1183 2719; baseline 0.004 -19"><span class='ocrx_word' id='word_1_205' title='bbox 176 2658 234 2700; x_wconf 91' lang='lat' dir='ltr'><strong>sus</strong></span> <span class='ocrx_word' id='word_1_206' title='bbox 252 2637 407 2719; x_wconf 88' lang='lat' dir='ltr'><strong>templum</strong></span> <span class='ocrx_word' id='word_1_207' title='bbox 436 2639 612 2704; x_wconf 81' lang='lat' dir='ltr'><strong>cathedras</strong></span> <span class='ocrx_word' id='word_1_208' title='bbox 639 2637 853 2702; x_wconf 85' lang='lat' dir='ltr'><strong>vendentium</strong></span> <span class='ocrx_word' id='word_1_209' title='bbox 882 2638 1052 2705; x_wconf 85' lang='lat' dir='ltr'><strong>columbas</strong></span> <span class='ocrx_word' id='word_1_210' title='bbox 1078 2663 1183 2704; x_wconf 81' lang='lat' dir='ltr'><strong>ever-</strong></span> 
     </span>
     <span class='ocr_line' id='line_1_31' title="bbox 177 2717 1184 2810; baseline 0.009 -29"><span class='ocrx_word' id='word_1_211' title='bbox 177 2718 226 2784; x_wconf 87' lang='lat' dir='ltr'><strong>tit.</strong></span> <span class='ocrx_word' id='word_1_212' title='bbox 247 2719 272 2805; x_wconf 79' lang='lat'><strong>³)</strong></span> <span class='ocrx_word' id='word_1_213' title='bbox 311 2721 495 2788; x_wconf 81' lang='lat' dir='ltr'><strong>Columbae</strong></span> <span class='ocrx_word' id='word_1_214' title='bbox 507 2722 594 2784; x_wconf 89' lang='lat' dir='ltr'><strong>enim</strong></span> <span class='ocrx_word' id='word_1_215' title='bbox 611 2717 767 2800; x_wconf 87' lang='lat' dir='ltr'><strong>vendere,</strong></span> <span class='ocrx_word' id='word_1_216' title='bbox 790 2733 841 2784; x_wconf 89' lang='lat' dir='ltr'><strong>est</strong></span> <span class='ocrx_word' id='word_1_217' title='bbox 852 2721 893 2786; x_wconf 90' lang='lat' dir='ltr'><strong>de</strong></span> <span class='ocrx_word' id='word_1_218' title='bbox 909 2725 1027 2810; x_wconf 87' lang='lat' dir='ltr'><strong>spiritu</strong></span> <span class='ocrx_word' id='word_1_219' title='bbox 1045 2736 1184 2807; x_wconf 63' lang='lat' dir='ltr'><strong>saneto,</strong></span> 
     </span>
     <span class='ocr_line' id='line_1_32' title="bbox 178 2801 1179 2894; baseline 0.003 -26"><span class='ocrx_word' id='word_1_220' title='bbox 178 2823 276 2888; x_wconf 89' lang='lat' dir='ltr'><strong>quem</strong></span> <span class='ocrx_word' id='word_1_221' title='bbox 291 2803 386 2868; x_wconf 89' lang='lat' dir='ltr'><strong>Deus</strong></span> <span class='ocrx_word' id='word_1_222' title='bbox 398 2805 604 2888; x_wconf 91' lang='lat' dir='ltr'><strong>omnipotens</strong></span> <span class='ocrx_word' id='word_1_223' title='bbox 620 2801 938 2868; x_wconf 87' lang='lat' dir='ltr'><strong>consubstantialem</strong></span> <span class='ocrx_word' id='word_1_224' title='bbox 959 2805 1025 2870; x_wconf 91' lang='lat' dir='ltr'><strong>sibi</strong></span> <span class='ocrx_word' id='word_1_225' title='bbox 1040 2828 1102 2894; x_wconf 90' lang='lat' dir='ltr'><strong>per</strong></span> <span class='ocrx_word' id='word_1_226' title='bbox 1115 2809 1179 2871; x_wconf 91' lang='lat' dir='ltr'><strong>im·</strong></span> 
     </span>
     <span class='ocr_line' id='line_1_33' title="bbox 175 2882 1186 2972; baseline -0.001 -19"><span class='ocrx_word' id='word_1_227' title='bbox 175 2889 374 2972; x_wconf 82' lang='lat' dir='ltr'><strong>positionem</strong></span> <span class='ocrx_word' id='word_1_228' title='bbox 395 2906 551 2950; x_wconf 88' lang='lat' dir='ltr'><strong>manuum</strong></span> <span class='ocrx_word' id='word_1_229' title='bbox 581 2882 770 2965; x_wconf 86' lang='lat' dir='ltr'><strong>horninibus</strong></span> <span class='ocrx_word' id='word_1_230' title='bbox 790 2884 907 2951; x_wconf 87' lang='lat' dir='ltr'><strong>tribuit</strong></span> <span class='ocrx_word' id='word_1_231' title='bbox 919 2935 928 2967; x_wconf 90' lang='lat'><em>,</em></span> <span class='ocrx_word' id='word_1_232' title='bbox 968 2887 1186 2954; x_wconf 89' lang='lat' dir='ltr'><strong>commodum.</strong></span> 
     </span>
     <span class='ocr_line' id='line_1_34' title="bbox 178 2967 1178 3066; baseline 0.004 -33"><span class='ocrx_word' id='word_1_233' title='bbox 178 2969 359 3058; x_wconf 89' lang='lat' dir='ltr'><strong>temporale</strong></span> <span class='ocrx_word' id='word_1_234' title='bbox 386 2969 566 3066; x_wconf 87' lang='lat' dir='ltr'><strong>percipere.</strong></span> <span class='ocrx_word' id='word_1_235' title='bbox 614 2967 667 3033; x_wconf 80' lang='lat' dir='ltr'><strong>Ex</strong></span> <span class='ocrx_word' id='word_1_236' title='bbox 697 2990 779 3056; x_wconf 86' lang='lat' dir='ltr'><strong>quo,</strong></span> <span class='ocrx_word' id='word_1_237' title='bbox 811 2980 848 3034; x_wconf 92' lang='lat' dir='ltr'><strong>ut</strong></span> <span class='ocrx_word' id='word_1_238' title='bbox 875 2967 1049 3055; x_wconf 84' lang='lat' dir='ltr'><strong>praedixi,</strong></span> <span class='ocrx_word' id='word_1_239' title='bbox 1083 2971 1178 3038; x_wconf 88' lang='lat' dir='ltr'><strong>malo</strong></span> 
     </span>
     <span class='ocr_line' id='line_1_35' title="bbox 178 3048 1178 3140; baseline 0.002 -22"><span class='ocrx_word' id='word_1_240' title='bbox 178 3053 243 3118; x_wconf 87' lang='lat' dir='ltr'><strong>&#39;am</strong></span> <span class='ocrx_word' id='word_1_241' title='bbox 267 3054 417 3118; x_wconf 90' lang='lat' dir='ltr'><strong>innuitur</strong></span> <span class='ocrx_word' id='word_1_242' title='bbox 438 3051 519 3138; x_wconf 82' lang='lat' dir='ltr'><strong>quid</strong></span> <span class='ocrx_word' id='word_1_243' title='bbox 542 3062 710 3138; x_wconf 88' lang='lat' dir='ltr'><strong>sequatur.</strong></span> <span class='ocrx_word' id='word_1_244' title='bbox 724 3048 753 3138; x_wconf 69' lang='lat' dir='ltr'><strong>l)</strong></span> <span class='ocrx_word' id='word_1_245' title='bbox 798 3051 888 3131; x_wconf 69' lang='lat' dir='ltr'><strong>Quia</strong></span> <span class='ocrx_word' id='word_1_246' title='bbox 911 3053 969 3140; x_wconf 90' lang='lat' dir='ltr'><strong>qui</strong></span> <span class='ocrx_word' id='word_1_247' title='bbox 992 3051 1178 3135; x_wconf 89' lang='lat' dir='ltr'><strong>intemplo</strong></span> 
     </span>
     <span class='ocr_line' id='line_1_36' title="bbox 171 3073 1186 3223; baseline 0.001 -22"><span class='ocrx_word' id='word_1_248' title='bbox 171 3073 242 3202; x_wconf 73' lang='lat' dir='ltr'><strong>bei</strong></span> <span class='ocrx_word' id='word_1_249' title='bbox 262 3133 433 3201; x_wconf 88' lang='lat' dir='ltr'><strong>columbas</strong></span> <span class='ocrx_word' id='word_1_250' title='bbox 455 3135 600 3201; x_wconf 90' lang='lat' dir='ltr'><strong>vendere</strong></span> <span class='ocrx_word' id='word_1_251' title='bbox 618 3145 933 3223; x_wconf 86' lang='lat' dir='ltr'><strong>praesumpserunt,</strong></span> <span class='ocrx_word' id='word_1_252' title='bbox 964 3153 1076 3203; x_wconf 88' lang='lat' dir='ltr'><strong>eorum</strong></span> <span class='ocrx_word' id='word_1_253' title='bbox 1098 3137 1186 3202; x_wconf 90' lang='lat' dir='ltr'><strong>Deo·</strong></span> 
     </span>
     <span class='ocr_line' id='line_1_37' title="bbox 170 3217 710 3304; baseline -0.002 -23"><span class='ocrx_word' id='word_1_254' title='bbox 170 3217 286 3304; x_wconf 88' lang='lat' dir='ltr'><strong>jndice</strong></span> <span class='ocrx_word' id='word_1_255' title='bbox 308 3217 486 3297; x_wconf 83' lang='lat' dir='ltr'><strong>cathedrae</strong></span> <span class='ocrx_word' id='word_1_256' title='bbox 510 3218 710 3284; x_wconf 89' lang='lat' dir='ltr'><strong>cecideruut.</strong></span> 
     </span>
    </p>

    <p class='ocr_par' dir='ltr' id='par_1_5' title="bbox 174 3297 1180 3471">
     <span class='ocr_line' id='line_1_38' title="bbox 238 3297 1179 3390; baseline 0.004 -26"><span class='ocrx_word' id='word_1_257' title='bbox 238 3300 308 3382; x_wconf 81' lang='lat' dir='ltr'><strong>Qui</strong></span> <span class='ocrx_word' id='word_1_258' title='bbox 327 3299 484 3368; x_wconf 85' lang='lat' dir='ltr'><strong>videlicet</strong></span> <span class='ocrx_word' id='word_1_259' title='bbox 505 3321 596 3366; x_wconf 88' lang='lat' dir='ltr'><strong>error</strong></span> <span class='ocrx_word' id='word_1_260' title='bbox 616 3301 651 3366; x_wconf 90' lang='lat' dir='ltr'><strong>iu</strong></span> <span class='ocrx_word' id='word_1_261' title='bbox 666 3297 808 3367; x_wconf 89' lang='lat' dir='ltr'><strong>subditis</strong></span> <span class='ocrx_word' id='word_1_262' title='bbox 819 3319 892 3366; x_wconf 85' lang='lat' dir='ltr'><strong>cum</strong></span> <span class='ocrx_word' id='word_1_263' title='bbox 906 3309 1084 3388; x_wconf 83' lang='lat' dir='ltr'><strong>augmento</strong></span> <span class='ocrx_word' id='word_1_264' title='bbox 1096 3322 1179 3390; x_wconf 91' lang='lat' dir='ltr'><strong>pro·</strong></span> 
     </span>
     <span class='ocr_line' id='line_1_39' title="bbox 174 3381 1180 3471; baseline 0.002 -23"><span class='ocrx_word' id='word_1_265' title='bbox 174 3395 328 3469; x_wconf 83' lang='lat' dir='ltr'><strong>pagatur.</strong></span> <span class='ocrx_word' id='word_1_266' title='bbox 372 3383 457 3448; x_wconf 87' lang='lat' dir='ltr'><strong>Nam</strong></span> <span class='ocrx_word' id='word_1_267' title='bbox 483 3384 555 3471; x_wconf 90' lang='lat' dir='ltr'><strong>ipse</strong></span> <span class='ocrx_word' id='word_1_268' title='bbox 588 3403 718 3470; x_wconf 89' lang='lat' dir='ltr'><strong>quoque</strong></span> <span class='ocrx_word' id='word_1_269' title='bbox 745 3385 802 3470; x_wconf 90' lang='lat' dir='ltr'><strong>qui</strong></span> <span class='ocrx_word' id='word_1_270' title='bbox 829 3381 937 3470; x_wconf 88' lang='lat' dir='ltr'><strong>pretio</strong></span> <span class='ocrx_word' id='word_1_271' title='bbox 966 3383 1010 3450; x_wconf 85' lang='lat' dir='ltr'><strong>ad</strong></span> <span class='ocrx_word' id='word_1_272' title='bbox 1044 3403 1180 3450; x_wconf 86' lang='lat' dir='ltr'><strong>sacrum</strong></span> 
     </span>
    </p>
   </div>
   <div class='ocr_carea' id='block_1_3' title="bbox 208 3567 1185 3706">
    <p class='ocr_par' dir='ltr' id='par_1_6' title="bbox 208 3567 1185 3706">
     <span class='ocr_line' id='line_1_40' title="bbox 208 3567 1185 3640; baseline 0.015 -20"><span class='ocrx_word' id='word_1_273' title='bbox 208 3568 511 3630; x_wconf 68' lang='lat' dir='ltr'><strong>’tetimonium</strong></span> <span class='ocrx_word' id='word_1_274' title='bbox 528 3596 561 3610; x_wconf 89' lang='lat'><strong>-·</strong></span> <span class='ocrx_word' id='word_1_275' title='bbox 584 3567 616 3638; x_wconf 50' lang='grc' dir='ltr'><strong>ιθ)</strong></span> <span class='ocrx_word' id='word_1_276' title='bbox 630 3569 727 3640; x_wconf 71' lang='lat' dir='ltr'><strong>Philip.</strong></span> <span class='ocrx_word' id='word_1_277' title='bbox 746 3572 771 3639; x_wconf 77' lang='lat'><strong>2,</strong></span> <span class='ocrx_word' id='word_1_278' title='bbox 788 3569 832 3628; x_wconf 75' lang='lat' dir='ltr'><strong>tt.</strong></span> <span class='ocrx_word' id='word_1_279' title='bbox 848 3599 884 3610; x_wconf 91' lang='lat'><strong>·-</strong></span> <span class='ocrx_word' id='word_1_280' title='bbox 911 3569 931 3635; x_wconf 83' lang='lat' dir='ltr'><strong>³l</strong></span> <span class='ocrx_word' id='word_1_281' title='bbox 948 3571 1040 3632; x_wconf 79' lang='lat' dir='ltr'><strong>tlaao.</strong></span> <span class='ocrx_word' id='word_1_282' title='bbox 1058 3571 1109 3640; x_wconf 70' lang='lat' dir='ltr'><strong>tl,</strong></span> <span class='ocrx_word' id='word_1_283' title='bbox 1130 3571 1185 3634; x_wconf 67' lang='lat'><strong>112-</strong></span> 
     </span>
     <span class='ocr_line' id='line_1_41' title="bbox 242 3633 798 3706; baseline 0.007 -19"><span class='ocrx_word' id='word_1_284' title='bbox 242 3633 264 3700; x_wconf 79' lang='lat'><strong>⁴)</strong></span> <span class='ocrx_word' id='word_1_285' title='bbox 282 3633 345 3690; x_wconf 79' lang='lat' dir='ltr'><strong>Alit.</strong></span> <span class='ocrx_word' id='word_1_286' title='bbox 364 3637 493 3706; x_wconf 74' lang='lat' dir='ltr'><strong>signatur.</strong></span> <span class='ocrx_word' id='word_1_287' title='bbox 795 3663 798 3670; x_wconf 54' lang='lat'><strong>⁴</strong></span> 
     </span>
    </p>
   </div>
   <div class='ocr_carea' id='block_1_4' title="bbox 0 0 1267 4152">
    <p class='ocr_par' dir='ltr' id='par_1_7' title="bbox 0 0 1267 4152">
     <span class='ocr_line' id='line_1_42' title="bbox 0 0 1267 4152; baseline 0 0"><span class='ocrx_word' id='word_1_288' title='bbox 0 0 1267 4152; x_wconf 95' lang='lat' dir='ltr'><strong> </strong></span> 
     </span>
    </p>
   </div>
  </div>
 </body>
</html>
