2554 4172
513 192 657 265 -2109
698 181 751 268 «ἐ

117 368 214 436 ritus¹
228 367 391 445 proficere
416 362 455 431 in
487 360 548 426 hoc
570 357 692 429 mundo
715 361 904 448 cupientis,
940 360 1035 430 velut
1057 364 1123 446 iter

117 465 290 536 tondentis
317 460 497 548 impediat,
528 459 636 526 ,donoc
656 461 690 528 ei
711 457 933 540 invisibilem,
969 461 1028 546 qui
1057 461 1122 541 sibi

117 562 253 646 obviat,
277 563 474 628 innotescat.
517 557 617 624 Unde
640 571 673 624 et
693 558 778 624 bene
799 579 860 644 per
876 557 1015 650 ¹Petrum
1038 559 1121 629 dicis

116 673 191 730 tur:
231 660 553 746 eorreptionem
588 657 737 736 habuit
772 679 871 724 suae
909 659 1122 726 vesaniae

119 757 348 848 subjugale
378 767 550 839 mutum,
588 757 698 842 quod
726 757 769 822 in
795 755 981 824 hominis
1013 779 1118 824 voce

113 859 299 945 ‘loquens
342 856 567 944 prohibuit
614 854 858 941 prophetae
905 856 1123 940 insipien.

117 958 227 1022 tiam.
254 956 280 1043 ¹)
334 955 480 1022 Insanus
507 956 632 1042 quippe
661 951 755 1018 homo
782 978 802 1019 a
831 953 999 1041 subjugali
1028 966 1117 1034 muto

116 1056 317 1143 corripitur,
351 1052 486 1139 quando
516 1055 607 1119 elata
640 1075 732 1118 mens
761 1051 958 1118 humilitatis
979 1053 1115 1134 bonum,

118 1154 209 1242 quod
238 1163 353 1218 tenere
381 1151 518 1234 debeat,
552 1151 596 1216 ab
626 1152 750 1218 afflicta
779 1173 880 1218 carne
908 1162 1116 1234 memoratur.

118 1251 188 1319 Sed
210 1251 312 1337 hujus
334 1252 550 1336 correptionis
582 1249 704 1316 donum
732 1252 868 1317 idcirco·
882 1251 1022 1316 Balaam
1047 1276 1115 1320 nen

117 1350 274 1432 obtinuit,
300 1353 379 1436 quia
401 1351 444 1414 ad
460 1349 726 1415 maledicendum
740 1372 885 1436 pergens
903 1373 1027 1433 vocem,
1050 1374 1116 1416 non

116 1461 261 1515 mentem
282 1452 434 1515 mutavit.
477 1447 686 1514 Admonendi
707 1460 785 1516 suut
812 1451 921 1534 aegri,
952 1461 988 1514 ut
1010 1453 1114 1516 consi·

116 1549 252 1632 dorent,
277 1551 396 1636 quanti
417 1549 460 1614 sit
481 1549 627 1614 mun'eris
648 1549 799 1614 molestia
816 1548 1004 1635 corporalis,
1029 1571 1115 1637 quae
1159 1617 1161 1622 ,

117 1661 152 1714 et
175 1649 321 1713 admissa
342 1658 482 1734 peccata
507 1647 621 1730 diluit,
652 1656 685 1712 et
708 1670 766 1730 ea,
800 1671 885 1734 quae
909 1648 1037 1715 admitti
1058 1672 1116 1736 po-

117 1757 246 1828 terant,
269 1751 461 1833 compescit5
491 1769 577 1833 quae
601 1754 708 1811 sumta
731 1747 774 1811 ab
799 1747 1019 1813 exterioribus
1042 1747 1113 1834 pla·

119 1847 171 1928 gis
204 1867 385 1911 concussae
418 1848 522 1910 menti
556 1847 782 1931 poenitentiae
815 1847 953 1914 vulnera
982 1848 1113 1933 infligit

119 1942 219 2007 Unde
243 1946 402 2030 scriptum
426 1953 493 2008 est:
525 1945 651 2010 Livor
674 1947 872 2011 vulneris
896 1947 1115 2032 abstergit

119 2041 241 2123 mala,
265 2053 303 2105 et
324 2042 475 2129 plagae
498 2044 539 2106 in
564 2045 870 2122 secretioribus
892 2049 1068 2112 ventris.
1087 2047 1113 2131 ²)

119 2139 210 2204 Mala
238 2143 323 2204 enim
352 2140 436 2206 livor
465 2141 611 2206 vulneris
638 2141 822 2228 abstergit,
858 2146 936 2229 quia
963 2144 1112 2229 flagelle-
1150 2175 1154 2184 ⁴

117 2263 190 2304 rum
214 2239 309 2306 dolor
341 2239 395 2304 vel
425 2241 589 2324 cogitatas
617 2240 670 2306 vel
698 2253 909 2328 perpetratas
943 2245 1112 2328 nequitias

118 2338 224 2404 diluit.
268 2337 360 2404 Solet
381 2363 459 2406 vere
481 2341 607 2406 ventris
631 2337 854 2429 appellabisne
875 2364 967 2408 mens
991 2345 1112 2430 accipi,
1173 2427 1174 2430 Ἴ

119 2439 199 2524 quia
232 2441 318 2504 sicut
347 2448 464 2505 venter
495 2444 661 2506 consumit
691 2464 802 2523 escas,
836 2443 884 2506 ita
913 2465 1006 2508 meus
1036 2466 1110 2528 per·
1189 2437 1190 2440 ¹

8 2569 9 2574 ¹
117 2537 289 2603 tractando
317 2540 475 2625 excoquit
502 2561 608 2604 curas.
655 2539 743 2620 Quia
771 2542 858 2606 enirn
880 2552 996 2608 venter
1018 2565 1110 2614 mens

117 2636 251 2717 dicitur,
264 2659 316 2700 -ea
339 2639 505 2702 sententia
526 2636 668 2720 docetur,
693 2663 761 2726 qua
777 2641 933 2726 scriptum
950 2652 1016 2706 est:
1036 2643 1108 2709 Lu·

118 2759 241 2802 cerna
272 2735 436 2808 Domini
470 2739 733 2822 spiraculum
758 2739 957 2821 hominis,
1000 2764 1108 2825 quae

120 2837 358 2920 investigat
385 2838 525 2902 omnia
553 2849 718 2902 secreta
748 2841 921 2904 ventris.
947 2837 974 2924 ³)
1007 2839 1058 2904 Ac
1080 2842 1109 2904 si

119 2931 258 2998 diceret:
280 2934 397 3002 Divini
419 2935 554 3002 efflatus
576 2937 791 3019 illuminatio,
814 2962 888 3004 curn
910 2940 945 3002 in
967 2951 1107 3006 mentem

119 3029 257 3095 hominis
280 3035 424 3116 venerit,
458 3057 531 3100 eam
561 3035 756 3122 sibimetipsi
782 3037 978 3104 illuminans
1000 3050 1107 3106 osten·

120 3127 184 3211 dit,
217 3150 303 3215 quae
325 3143 402 3198 ante
425 3132 568 3219 Spiritus
591 3135 698 3200 sancti
726 3132 906 3200 adventum
936 3137 1107 3220 cogitatio·

119 3251 175 3296 nes
197 3251 321 3315 pravas
344 3240 377 3294 et
399 3243 530 3320 portare
551 3242 696 3320 poterat,
721 3242 752 3296 et
769 3254 911 3315 pensare
931 3235 1107 3302 nesciebat.
1133 3311 1138 3331 ι

118 3331 219 3408 Livor
246 3351 324 3414 ergo
351 3329 496 3398 vulneris
525 3332 688 3416 abstergit
716 3331 821 3416 mala,
856 3345 887 3400 et
919 3335 1042 3422 plagae
1073 3337 1108 3402 in

118 3427 352 3495 secretioribus
373 3433 511 3497 ventris:
534 3433 613 3520 quia
636 3454 710 3498 cum
729 3435 877 3500 exterius
893 3436 1107 3522 percutimur,

127 3571 402 3582 —————--.-

151 3655 173 3722 ¹)
192 3657 217 3713 2.
235 3658 303 3710 Petr.
320 3659 352 3724 2,
372 3656 413 3713 16.
435 3687 463 3696 —
485 3600 508 3728 ’Β
527 3615 730 3728 Ρτον.120,30.
751 3693 782 3704 -
811 3662 834 3732 ³)
853 3666 929 3720 Prov.
947 3667 994 3731 20,
1014 3667 1055 3722 27.
