2520 4152
422 195 715 263 ‚..201..-.

98 365 180 430 lum
210 373 344 429 eutem
371 361 622 447 glutientes.
643 363 668 449 ¹)
713 361 816 452 Aegei
837 373 953 451 aperte
974 363 1112 430 dicere·-

96 475 175 530 tur:
217 461 358 528 Minima
392 460 479 527 mals
511 461 717 545 disoernitis,
758 464 888 549 majora
920 460 1101 527 devoratis.
1172 507 1173 512 η

97 558 188 628 Hine
202 569 264 640 est,
289 558 377 644 quod
389 580 523 624 rursum
535 581 591 624 ore
602 560 762 624 Veritatis
774 560 1002 647 increpantur,
1025 583 1101 626 oum

98 661 259 724 audiuntz
310 655 548 722 Deeimatis
584 657 792 723 mentham
829 669 870 728 et
904 659 1111 736 anethum'

99 770 140 823 et
160 756 386 844 cyminum3
409 766 449 819 et
473 755 745 842 relinquitis,
775 779 878 844 quoe
901 759 1100 843 graviore

102 867 196 921 sunt
223 853 364 940 Legis,
391 854 602 942 judicium
631 864 669 919 et
696 857 1031 922 misericordiam
1058 857 1100 924 et

99 955 226 1020 fidem,
247 953 274 1040 ²)
317 954 435 1042 Neque
459 956 545 1018 enim
567 953 779 1039 negligenter
809 954 1012 1022 audiendum
1035 968 1112 1038 est,¹

99 1052 192 1138 quod
213 1075 286 1118 eum
309 1051 470 1136 decimari
491 1055 627 1117 minima
642 1051 777 1135 diceret,
800 1064 951 1120 extrema
963 1054 1100 1143 quidem

97 1151 144 1216 de
168 1151 314 1218 oleribus
336 1151 471 1235 meluit,
498 1153 557 1217 sed
579 1162 690 1217 tomen
723 1153 808 1217 bene
832 1153 956 1218 olentia
971 1177 1098 1222 *memo-

99 1275 194 1318 rere:
214 1264 252 1318 ut
273 1252 423 1340 profecto
445 1251 650 1332 ostenderet,
674 1254 754 1339 quia
771 1253 999 1336 simulatores,
1023 1277 1110 1323 oum·

97 1373 211 1439 parvo
229 1351 430 1435 custodiunt,
452 1351 582 1417 odorem
599 1350 640 1414 de
663 1375 699 1417 se
722 1352 903 1418 extendere
911 1353 938 1436 3)
961 1363 1100 1420 sanotae

96 1451 270 1538 opinionis
298 1463 484 1537 quaerunt,
524 1460 558 1515 et
595 1454 750 1536 quamvis
781 1452 917 1538 implere
951 1455 1110 1520 maxime·

101 1551 387 1636 praetermittant,
421 1573 461 1616 ea
482 1561 596 1616 temen
616 1553 751 1615 minima
774 1551 978 1636 observant,
1010 1574 1110 1641 quoe·

98 1648 246 1715 humano
265 1648 392 1736 judicio
415 1649 513 1735 longe
533 1649 667 1736 lateque
689 1649 869 1715 redoleant.

407 1829 432 1896 O
446 1831 475 1898 A
487 1831 513 1896 Ρ
526 1831 600 1898 UT
632 1831 796 1898 XXXIV.

100 1969 277 2035 Quomodo
300 1967 528 2033 admonendi,
566 1968 623 2034 qui
653 1967 741 2020 bono
766 1981 828 2020 nee
853 1968 1041 2034 inchoant,
1066 1973 1100 2021 et

317 2053 377 2120 qui
400 2052 567 2106 inchoata
592 2067 656 2104 non
682 2052 881 2108 absolvunt.

165 2186 271 2252 Aliter
292 2187 491 2254 admonendi
513 2197 608 2271 sunt,
644 2189 702 2274 qui
729 2189 820 2254 bono
843 2212 907 2256 nee
926 2187 1097 2270 inchoant,

101 2297 204 2376 atque
227 2286 345 2372 aliter,
369 2287 426 2372 qui
446 2288 602 2352 inchoate
618 2289 751 2354 minime
763 2297 1001 2354 consumment.
1029 2287 1099 2368 Qui

100 2389 191 2452 enim
212 2385 303 2453 bona
324 2409 385 2452 nee
413 2386 590 2470 inchoant,
620 2411 688 2455 non
711 2395 789 2453 sunt
811 2388 860 2452 eis
889 2389 983 2471 prius
1006 2385 1098 2450 aedi·

100 2485 252 2570 ficanda,
283 2509 369 2574 quae
401 2485 582 2552 salubriter
611 2487 771 2573 diligant,
807 2487 866 2553 sed
893 2485 1099 2554 destruenda

99 2607 159 2670 ee,
183 2589 219 2653 in
242 2585 365 2673 quibus
394 2587 587 2679 semetipsos
616 2591 769 2675 nequiter
791 2596 937 2655 versant.
980 2587 1099 2674 Neque

102 2687 190 2752 enim
213 2696 412 2771 sequuntur,
437 2708 523 2772 quae
543 2689 719 2775 inexperta
733 2689 888 2772 audiunt,
910 2687 975 2752 nisi
990 2689 1098 2774 prius,

103 2808 204 2872 quom
232 2787 422 2872 perniciose
450 2784 516 2849 sint
545 2809 603 2867 ea,
640 2807 725 2873 quae
753 2786 817 2852 sibi
846 2797 924 2852 sunt
944 2795 1099 2872 experta,

98 2884 372 2970 deprehendant,
405 2885 484 2970 quia
505 2907 567 2950 nee
595 2883 704 2948 levari
725 2887 871 2974 appetit,
902 2887 960 2972 qui
982 2895 1015 2950 et
1035 2881 1099 2947 hoe
1192 2971 1195 2977 .

99 2988 212 3072 ipsum
243 2987 322 3070 quio
351 2985 471 3048 cecidit
496 2985 621 3064 nescit,
654 2992 687 3047 et
719 2987 776 3071 qui
803 2982 950 3050 dolorem
979 2980 1099 3048 vulne-

99 3086 149 3150 ris
171 3105 241 3148 non
265 3085 379 3163 sentit,
403 3082 521 3148 salutis
543 3081 690 3162 remedia
711 3103 779 3146 non
803 3081 957 3164 requirit.
998 3077 1101 3144 Prius

102 3205 184 3266 ergo
207 3181 413 3248 ostendenda
437 3188 531 3262 sunt,
562 3201 663 3265 quem
693 3180 759 3244 sint
780 3201 885 3261 vana,
913 3201 1001 3266 quoe
1024 3176 1100 3244 dili·

103 3291 203 3364 gunt,
233 3289 266 3343 et
287 3291 366 3346 tune
396 3277 526 3342 demum
555 3275 738 3362 vigilanter
765 3279 965 3364 intimanda,
999 3299 1100 3366 quam

102 3379 171 3446 sint
190 3379 306 3462 utilia,
338 3401 424 3467 quae
446 3378 726 3466 praetermittunt.
752 3379 866 3444 'Prius
887 3379 1027 3448 videant
1045 3379 1103 3445 fu*

99 3476 244 3566 giendo,
280 3501 367 3567 queo
400 3485 530 3561 ornent,
569 3485 602 3544 et
631 3479 702 3545 sine
731 3476 928 3548 difficultate
956 3482 1105 3569 postmoss

104 3607 394 3619 -u-—n-——n—..o

138 3659 158 3722 ⁸)
177 3658 269 3711 Matth.
286 3657 329 3728 23,
347 3658 389 3716 24.
410 3687 440 3700 -
461 3657 481 3725 ²)
500 3657 591 3714 Matth.
608 3657 650 3729 23,
670 3657 712 3716 23.
732 3687 764 3700 -
784 3658 893 3812 ’loqut
907 3661 1058 3732 ostendere,
