<?xml version="1.0" encoding="UTF-8"?>
<!DOCTYPE html PUBLIC "-//W3C//DTD XHTML 1.0 Transitional//EN"
    "http://www.w3.org/TR/xhtml1/DTD/xhtml1-transitional.dtd">
<html xmlns="http://www.w3.org/1999/xhtml" xml:lang="en" lang="en">
 <head>
  <title>
</title>
<meta http-equiv="Content-Type" content="text/html;charset=utf-8" />
  <meta name='ocr-system' content='tesseract 3.04.00' />
  <meta name='ocr-capabilities' content='ocr_page ocr_carea ocr_par ocr_line ocrx_word'/>
</head>
<body>
  <div class='ocr_page' id='page_1' title='image "./sgregoriipapaei00westgoog_0033.png"; bbox 0 0 2556 4150; ppageno 0'>
   <div class='ocr_carea' id='block_1_1' title="bbox 565 213 770 278">
    <p class='ocr_par' dir='ltr' id='par_1_1' title="bbox 565 213 770 278">
     <span class='ocr_line' id='line_1_1' title="bbox 565 213 770 278; baseline 0.01 -17"><span class='ocrx_word' id='word_1_1' title='bbox 565 213 770 278; x_wconf 71' lang='lat'>..12-</span> 
     </span>
    </p>
   </div>
   <div class='ocr_carea' id='block_1_2' title="bbox 157 376 1160 1060">
    <p class='ocr_par' dir='ltr' id='par_1_2' title="bbox 157 376 1160 1060">
     <span class='ocr_line' id='line_1_2' title="bbox 160 376 1160 466; baseline 0.004 -24"><span class='ocrx_word' id='word_1_2' title='bbox 160 377 238 450; x_wconf 73' lang='lat' dir='ltr'><strong>dam</strong></span> <span class='ocrx_word' id='word_1_3' title='bbox 260 377 394 466; x_wconf 85' lang='lat' dir='ltr'><strong>sapiens</strong></span> <span class='ocrx_word' id='word_1_4' title='bbox 412 377 552 465; x_wconf 83' lang='lat' dir='ltr'><strong>provide</strong></span> <span class='ocrx_word' id='word_1_5' title='bbox 570 376 742 464; x_wconf 85' lang='lat' dir='ltr'><strong>prohibet,</strong></span> <span class='ocrx_word' id='word_1_6' title='bbox 765 378 892 446; x_wconf 84' lang='lat' dir='ltr'><strong>dicens:</strong></span> <span class='ocrx_word' id='word_1_7' title='bbox 920 377 1021 460; x_wconf 76' lang='lat' dir='ltr'><strong>Fili,</strong></span> <span class='ocrx_word' id='word_1_8' title='bbox 1047 400 1095 446; x_wconf 86' lang='lat' dir='ltr'><strong>ne</strong></span> <span class='ocrx_word' id='word_1_9' title='bbox 1119 381 1160 446; x_wconf 71' lang='lat' dir='ltr'><strong>in</strong></span> 
     </span>
     <span class='ocr_line' id='line_1_3' title="bbox 160 475 1158 566; baseline 0.001 -23"><span class='ocrx_word' id='word_1_10' title='bbox 160 475 309 543; x_wconf 89' lang='lat' dir='ltr'><strong>multis</strong></span> <span class='ocrx_word' id='word_1_11' title='bbox 330 476 417 550; x_wconf 81' lang='lat' dir='ltr'><strong>sint</strong></span> <span class='ocrx_word' id='word_1_12' title='bbox 438 483 561 542; x_wconf 83' lang='lat' dir='ltr'><strong>artus</strong></span> <span class='ocrx_word' id='word_1_13' title='bbox 582 477 642 542; x_wconf 90' lang='lat' dir='ltr'><strong>tui</strong></span> <span class='ocrx_word' id='word_1_14' title='bbox 664 475 705 562; x_wconf 86' lang='lat'><strong>¹);</strong></span> <span class='ocrx_word' id='word_1_15' title='bbox 738 477 818 564; x_wconf 85' lang='lat' dir='ltr'><strong>quia</strong></span> <span class='ocrx_word' id='word_1_16' title='bbox 848 478 1007 546; x_wconf 82' lang='lat' dir='ltr'><strong>videlieet</strong></span> <span class='ocrx_word' id='word_1_17' title='bbox 1032 501 1158 566; x_wconf 87' lang='lat' dir='ltr'><strong>nequa-</strong></span> 
     </span>
     <span class='ocr_line' id='line_1_4' title="bbox 160 573 1158 664; baseline 0 -22"><span class='ocrx_word' id='word_1_18' title='bbox 160 598 262 663; x_wconf 89' lang='lat' dir='ltr'><strong>quam</strong></span> <span class='ocrx_word' id='word_1_19' title='bbox 284 573 383 662; x_wconf 85' lang='lat' dir='ltr'><strong>plene</strong></span> <span class='ocrx_word' id='word_1_20' title='bbox 405 573 440 640; x_wconf 90' lang='lat' dir='ltr'><strong>iu</strong></span> <span class='ocrx_word' id='word_1_21' title='bbox 466 573 732 661; x_wconf 79' lang='lat' dir='ltr'><strong>uniuscujusque</strong></span> <span class='ocrx_word' id='word_1_22' title='bbox 752 579 864 664; x_wconf 87' lang='lat' dir='ltr'><strong>operis</strong></span> <span class='ocrx_word' id='word_1_23' title='bbox 881 580 1011 646; x_wconf 85' lang='lat' dir='ltr'><strong>ratione</strong></span> <span class='ocrx_word' id='word_1_24' title='bbox 1033 575 1158 663; x_wconf 83' lang='lat' dir='ltr'><strong>colligi·</strong></span> 
     </span>
     <span class='ocr_line' id='line_1_5' title="bbox 158 673 1159 766; baseline 0.002 -24"><span class='ocrx_word' id='word_1_25' title='bbox 158 685 232 758; x_wconf 89' lang='lat' dir='ltr'><strong>tur,</strong></span> <span class='ocrx_word' id='word_1_26' title='bbox 257 673 335 740; x_wconf 90' lang='lat' dir='ltr'><strong>dum</strong></span> <span class='ocrx_word' id='word_1_27' title='bbox 356 695 450 739; x_wconf 90' lang='lat' dir='ltr'><strong>mens</strong></span> <span class='ocrx_word' id='word_1_28' title='bbox 471 694 534 760; x_wconf 92' lang='lat' dir='ltr'><strong>per</strong></span> <span class='ocrx_word' id='word_1_29' title='bbox 555 673 692 738; x_wconf 87' lang='lat' dir='ltr'><strong>diversa</strong></span> <span class='ocrx_word' id='word_1_30' title='bbox 713 677 870 762; x_wconf 84' lang='lat' dir='ltr'><strong>partitur:</strong></span> <span class='ocrx_word' id='word_1_31' title='bbox 901 699 1042 766; x_wconf 87' lang='lat' dir='ltr'><strong>eumque</strong></span> <span class='ocrx_word' id='word_1_32' title='bbox 1066 675 1159 744; x_wconf 77' lang='lat' dir='ltr'><strong>foras</strong></span> 
     </span>
     <span class='ocr_line' id='line_1_6' title="bbox 160 771 1159 862; baseline 0.003 -22"><span class='ocrx_word' id='word_1_33' title='bbox 160 795 223 862; x_wconf 88' lang='lat' dir='ltr'><strong>per</strong></span> <span class='ocrx_word' id='word_1_34' title='bbox 245 771 444 840; x_wconf 82' lang='lat' dir='ltr'><strong>insolentem</strong></span> <span class='ocrx_word' id='word_1_35' title='bbox 465 794 580 838; x_wconf 88' lang='lat' dir='ltr'><strong>curam</strong></span> <span class='ocrx_word' id='word_1_36' title='bbox 601 772 763 857; x_wconf 79' lang='lat' dir='ltr'><strong>trahitur,</strong></span> <span class='ocrx_word' id='word_1_37' title='bbox 785 795 806 838; x_wconf 88' lang='lat' dir='ltr'><strong>a</strong></span> <span class='ocrx_word' id='word_1_38' title='bbox 827 776 956 843; x_wconf 86' lang='lat' dir='ltr'><strong>timoris</strong></span> <span class='ocrx_word' id='word_1_39' title='bbox 976 777 1085 842; x_wconf 89' lang='lat' dir='ltr'><strong>intimi</strong></span> <span class='ocrx_word' id='word_1_40' title='bbox 1106 799 1159 844; x_wconf 90' lang='lat' dir='ltr'><strong>so·</strong></span> 
     </span>
     <span class='ocr_line' id='line_1_7' title="bbox 157 873 1158 962; baseline 0 -22"><span class='ocrx_word' id='word_1_41' title='bbox 157 873 290 941; x_wconf 88' lang='lat' dir='ltr'><strong>liditate</strong></span> <span class='ocrx_word' id='word_1_42' title='bbox 311 879 490 958; x_wconf 84' lang='lat' dir='ltr'><strong>vacuatur,</strong></span> <span class='ocrx_word' id='word_1_43' title='bbox 511 873 549 938; x_wconf 86' lang='lat' dir='ltr'><strong>fit</strong></span> <span class='ocrx_word' id='word_1_44' title='bbox 569 873 606 940; x_wconf 88' lang='lat' dir='ltr'><strong>iu</strong></span> <span class='ocrx_word' id='word_1_45' title='bbox 628 875 833 962; x_wconf 70' lang='lat' dir='ltr'><strong>exteriorum</strong></span> <span class='ocrx_word' id='word_1_46' title='bbox 854 873 1069 962; x_wconf 79' lang='lat' dir='ltr'><strong>dispositione</strong></span> <span class='ocrx_word' id='word_1_47' title='bbox 1091 873 1158 941; x_wconf 92' lang='lat' dir='ltr'><strong>sol-</strong></span> 
     </span>
     <span class='ocr_line' id='line_1_8' title="bbox 157 963 1158 1060; baseline -0.001 -20"><span class='ocrx_word' id='word_1_48' title='bbox 157 973 267 1055; x_wconf 78' lang='lat' dir='ltr'><strong>licita,</strong></span> <span class='ocrx_word' id='word_1_49' title='bbox 291 981 325 1037; x_wconf 92' lang='lat' dir='ltr'><strong>et</strong></span> <span class='ocrx_word' id='word_1_50' title='bbox 347 971 400 1036; x_wconf 90' lang='lat' dir='ltr'><strong>sui</strong></span> <span class='ocrx_word' id='word_1_51' title='bbox 422 970 621 1038; x_wconf 85' lang='lat' dir='ltr'><strong>solummodo</strong></span> <span class='ocrx_word' id='word_1_52' title='bbox 642 972 773 1058; x_wconf 83' lang='lat' dir='ltr'><strong>ignara,</strong></span> <span class='ocrx_word' id='word_1_53' title='bbox 799 973 862 1038; x_wconf 82' lang='lat' dir='ltr'><strong>seit</strong></span> <span class='ocrx_word' id='word_1_54' title='bbox 877 963 981 1040; x_wconf 89' lang='lat' dir='ltr'><strong>multa</strong></span> <span class='ocrx_word' id='word_1_55' title='bbox 995 975 1158 1060; x_wconf 83' lang='lat' dir='ltr'><strong>cogitare,</strong></span> 
     </span>
    </p>
   </div>
   <div class='ocr_carea' id='block_1_3' title="bbox 159 1071 1157 1158">
    <p class='ocr_par' dir='ltr' id='par_1_3' title="bbox 159 1071 1157 1158">
     <span class='ocr_line' id='line_1_9' title="bbox 159 1071 1157 1158; baseline 0.001 -20"><span class='ocrx_word' id='word_1_56' title='bbox 159 1095 195 1138; x_wconf 87' lang='lat' dir='ltr'><strong>se</strong></span> <span class='ocrx_word' id='word_1_57' title='bbox 217 1072 381 1140; x_wconf 80' lang='lat' dir='ltr'><strong>nesciens.</strong></span> <span class='ocrx_word' id='word_1_58' title='bbox 423 1071 604 1137; x_wconf 75' lang='lat' dir='ltr'><strong>Nemeum</strong></span> <span class='ocrx_word' id='word_1_59' title='bbox 627 1071 827 1158; x_wconf 88' lang='lat' dir='ltr'><strong>plusquam</strong></span> <span class='ocrx_word' id='word_1_60' title='bbox 855 1093 992 1142; x_wconf 85' lang='lat' dir='ltr'><strong>neeesse</strong></span> <span class='ocrx_word' id='word_1_61' title='bbox 1015 1083 1086 1158; x_wconf 88' lang='lat' dir='ltr'><strong>est,</strong></span> <span class='ocrx_word' id='word_1_62' title='bbox 1121 1097 1157 1140; x_wconf 92' lang='lat' dir='ltr'><strong>se</strong></span> 
     </span>
    </p>
   </div>
   <div class='ocr_carea' id='block_1_4' title="bbox 33 1171 1156 1260">
    <p class='ocr_par' dir='ltr' id='par_1_4' title="bbox 33 1171 1156 1260">
     <span class='ocr_line' id='line_1_10' title="bbox 33 1171 1156 1260; baseline 0 -22"><span class='ocrx_word' id='word_1_63' title='bbox 33 1230 37 1238; x_wconf 93' lang='lat'>.</span> <span class='ocrx_word' id='word_1_64' title='bbox 159 1171 382 1238; x_wconf 85' lang='lat' dir='ltr'><strong>exterioribus</strong></span> <span class='ocrx_word' id='word_1_65' title='bbox 401 1171 567 1257; x_wconf 84' lang='lat' dir='ltr'><strong>implioat,</strong></span> <span class='ocrx_word' id='word_1_66' title='bbox 592 1172 691 1256; x_wconf 87' lang='lat' dir='ltr'><strong>quasi</strong></span> <span class='ocrx_word' id='word_1_67' title='bbox 703 1181 869 1260; x_wconf 82' lang='lat' dir='ltr'><strong>occupata</strong></span> <span class='ocrx_word' id='word_1_68' title='bbox 887 1173 923 1238; x_wconf 88' lang='lat' dir='ltr'><strong>in</strong></span> <span class='ocrx_word' id='word_1_69' title='bbox 936 1175 1055 1240; x_wconf 90' lang='lat' dir='ltr'><strong>itinere</strong></span> <span class='ocrx_word' id='word_1_70' title='bbox 1072 1173 1156 1241; x_wconf 92' lang='lat' dir='ltr'><strong>obli·</strong></span> 
     </span>
    </p>
   </div>
   <div class='ocr_carea' id='block_1_5' title="bbox 137 1268 1158 3348">
    <p class='ocr_par' dir='ltr' id='par_1_5' title="bbox 137 1268 1158 3348">
     <span class='ocr_line' id='line_1_11' title="bbox 157 1268 1156 1361; baseline -0.002 -23"><span class='ocrx_word' id='word_1_71' title='bbox 157 1274 315 1353; x_wconf 83' lang='lat' dir='ltr'><strong>viscitur,</strong></span> <span class='ocrx_word' id='word_1_72' title='bbox 341 1293 406 1356; x_wconf 92' lang='lat' dir='ltr'><strong>quo</strong></span> <span class='ocrx_word' id='word_1_73' title='bbox 428 1268 607 1351; x_wconf 85' lang='lat' dir='ltr'><strong>tendebat,</strong></span> <span class='ocrx_word' id='word_1_74' title='bbox 629 1271 676 1335; x_wconf 91' lang='lat' dir='ltr'><strong>ita</strong></span> <span class='ocrx_word' id='word_1_75' title='bbox 697 1279 735 1335; x_wconf 92' lang='lat' dir='ltr'><strong>ut</strong></span> <span class='ocrx_word' id='word_1_76' title='bbox 757 1270 801 1337; x_wconf 88' lang='lat' dir='ltr'><strong>ab</strong></span> <span class='ocrx_word' id='word_1_77' title='bbox 824 1271 933 1338; x_wconf 91' lang='lat' dir='ltr'><strong>studio</strong></span> <span class='ocrx_word' id='word_1_78' title='bbox 949 1295 1031 1338; x_wconf 88' lang='lat' dir='ltr'><strong>suae</strong></span> <span class='ocrx_word' id='word_1_79' title='bbox 1046 1273 1156 1361; x_wconf 90' lang='lat' dir='ltr'><strong>inqui·</strong></span> 
     </span>
     <span class='ocr_line' id='line_1_12' title="bbox 159 1368 1158 1456; baseline 0 -19"><span class='ocrx_word' id='word_1_80' title='bbox 159 1373 288 1437; x_wconf 82' lang='lat' dir='ltr'><strong>sitieris</strong></span> <span class='ocrx_word' id='word_1_81' title='bbox 312 1368 438 1445; x_wconf 86' lang='lat' dir='ltr'><strong>aliena,</strong></span> <span class='ocrx_word' id='word_1_82' title='bbox 460 1391 503 1433; x_wconf 87' lang='lat' dir='ltr'><strong>ne</strong></span> <span class='ocrx_word' id='word_1_83' title='bbox 524 1369 599 1454; x_wconf 87' lang='lat' dir='ltr'><strong>ipsa</strong></span> <span class='ocrx_word' id='word_1_84' title='bbox 619 1369 751 1452; x_wconf 90' lang='lat' dir='ltr'><strong>quidem</strong></span> <span class='ocrx_word' id='word_1_85' title='bbox 778 1391 866 1454; x_wconf 88' lang='lat' dir='ltr'><strong>quae</strong></span> <span class='ocrx_word' id='word_1_86' title='bbox 885 1371 1013 1456; x_wconf 85' lang='lat' dir='ltr'><strong>patitur</strong></span> <span class='ocrx_word' id='word_1_87' title='bbox 1035 1370 1158 1439; x_wconf 86' lang='lat' dir='ltr'><strong>damna</strong></span> 
     </span>
     <span class='ocr_line' id='line_1_13' title="bbox 158 1466 1157 1557; baseline 0.004 -23"><span class='ocrx_word' id='word_1_88' title='bbox 158 1469 363 1551; x_wconf 80' lang='lat' dir='ltr'><strong>consideret,</strong></span> <span class='ocrx_word' id='word_1_89' title='bbox 388 1477 421 1532; x_wconf 87' lang='lat' dir='ltr'><strong>et</strong></span> <span class='ocrx_word' id='word_1_90' title='bbox 442 1489 503 1554; x_wconf 89' lang='lat' dir='ltr'><strong>per</strong></span> <span class='ocrx_word' id='word_1_91' title='bbox 525 1474 652 1553; x_wconf 87' lang='lat' dir='ltr'><strong>quanta</strong></span> <span class='ocrx_word' id='word_1_92' title='bbox 668 1466 845 1552; x_wconf 85' lang='lat' dir='ltr'><strong>delinquat</strong></span> <span class='ocrx_word' id='word_1_93' title='bbox 860 1469 1001 1552; x_wconf 83' lang='lat' dir='ltr'><strong>ignoret.</strong></span> <span class='ocrx_word' id='word_1_94' title='bbox 1038 1471 1157 1557; x_wconf 84' lang='lat' dir='ltr'><strong>Neque</strong></span> 
     </span>
     <span class='ocr_line' id='line_1_14' title="bbox 137 1564 1157 1656; baseline 0.004 -22"><span class='ocrx_word' id='word_1_95' title='bbox 137 1570 246 1636; x_wconf 87' lang='lat' dir='ltr'><strong>·enim</strong></span> <span class='ocrx_word' id='word_1_96' title='bbox 267 1588 406 1656; x_wconf 82' lang='lat' dir='ltr'><strong>peecare</strong></span> <span class='ocrx_word' id='word_1_97' title='bbox 430 1590 465 1630; x_wconf 89' lang='lat' dir='ltr'><strong>se</strong></span> <span class='ocrx_word' id='word_1_98' title='bbox 487 1564 653 1630; x_wconf 81' lang='lat' dir='ltr'><strong>Ezechias</strong></span> <span class='ocrx_word' id='word_1_99' title='bbox 673 1564 830 1650; x_wconf 83' lang='lat' dir='ltr'><strong>eredidit,</strong></span> <span class='ocrx_word' id='word_1_100' title='bbox 853 1589 928 1632; x_wconf 89' lang='lat' dir='ltr'><strong>oum</strong></span> <span class='ocrx_word' id='word_1_101' title='bbox 942 1569 1157 1638; x_wconf 82' lang='lat' dir='ltr'><strong>venientibus</strong></span> 
     </span>
     <span class='ocr_line' id='line_1_15' title="bbox 157 1662 1157 1750; baseline -0.002 -14"><span class='ocrx_word' id='word_1_102' title='bbox 157 1668 202 1737; x_wconf 90' lang='lat' dir='ltr'><strong>ad</strong></span> <span class='ocrx_word' id='word_1_103' title='bbox 224 1690 259 1733; x_wconf 94' lang='lat' dir='ltr'><strong>se</strong></span> <span class='ocrx_word' id='word_1_104' title='bbox 280 1665 480 1750; x_wconf 84' lang='lat' dir='ltr'><strong>alienigenis</strong></span> <span class='ocrx_word' id='word_1_105' title='bbox 508 1673 692 1728; x_wconf 88' lang='lat' dir='ltr'><strong>aromatum</strong></span> <span class='ocrx_word' id='word_1_106' title='bbox 719 1662 822 1730; x_wconf 79' lang='lat' dir='ltr'><strong>cellas</strong></span> <span class='ocrx_word' id='word_1_107' title='bbox 844 1665 1007 1748; x_wconf 81' lang='lat' dir='ltr'><strong>ostendit3</strong></span> <span class='ocrx_word' id='word_1_108' title='bbox 1040 1667 1157 1734; x_wconf 85' lang='lat' dir='ltr'><strong>sedin</strong></span> 
     </span>
     <span class='ocr_line' id='line_1_16' title="bbox 158 1761 1156 1852; baseline -0.001 -17"><span class='ocrx_word' id='word_1_109' title='bbox 158 1766 404 1835; x_wconf 83' lang='lat' dir='ltr'><strong>damnationem</strong></span> <span class='ocrx_word' id='word_1_110' title='bbox 435 1771 611 1830; x_wconf 80' lang='lat' dir='ltr'><strong>secuturae</strong></span> <span class='ocrx_word' id='word_1_111' title='bbox 641 1761 746 1850; x_wconf 91' lang='lat' dir='ltr'><strong>prolis</strong></span> <span class='ocrx_word' id='word_1_112' title='bbox 776 1786 819 1828; x_wconf 87' lang='lat' dir='ltr'><strong>ex</strong></span> <span class='ocrx_word' id='word_1_113' title='bbox 848 1787 885 1831; x_wconf 87' lang='lat' dir='ltr'><strong>oo</strong></span> <span class='ocrx_word' id='word_1_114' title='bbox 916 1765 1001 1830; x_wconf 86' lang='lat' dir='ltr'><strong>iram</strong></span> <span class='ocrx_word' id='word_1_115' title='bbox 1028 1763 1156 1852; x_wconf 79' lang='lat' dir='ltr'><strong>judicis</strong></span> 
     </span>
     <span class='ocr_line' id='line_1_17' title="bbox 156 1861 1155 1952; baseline -0.001 -21"><span class='ocrx_word' id='word_1_116' title='bbox 156 1865 304 1952; x_wconf 90' lang='lat' dir='ltr'><strong>pertulit,</strong></span> <span class='ocrx_word' id='word_1_117' title='bbox 329 1865 417 1952; x_wconf 89' lang='lat' dir='ltr'><strong>quod</strong></span> <span class='ocrx_word' id='word_1_118' title='bbox 438 1886 474 1928; x_wconf 88' lang='lat' dir='ltr'><strong>se</strong></span> <span class='ocrx_word' id='word_1_119' title='bbox 488 1862 600 1928; x_wconf 79' lang='lat' dir='ltr'><strong>faeere</strong></span> <span class='ocrx_word' id='word_1_120' title='bbox 612 1861 753 1928; x_wconf 83' lang='lat' dir='ltr'><strong>licenter</strong></span> <span class='ocrx_word' id='word_1_121' title='bbox 768 1866 968 1930; x_wconf 85' lang='lat' dir='ltr'><strong>aestimavit.</strong></span> <span class='ocrx_word' id='word_1_122' title='bbox 989 1861 1015 1952; x_wconf 83' lang='lat'><strong>²)</strong></span> <span class='ocrx_word' id='word_1_123' title='bbox 1046 1864 1155 1950; x_wconf 85' lang='lat' dir='ltr'><strong>Saepe</strong></span> 
     </span>
     <span class='ocr_line' id='line_1_18' title="bbox 156 1961 1155 2051; baseline -0.003 -18"><span class='ocrx_word' id='word_1_124' title='bbox 156 1967 234 2033; x_wconf 90' lang='lat' dir='ltr'><strong>dum</strong></span> <span class='ocrx_word' id='word_1_125' title='bbox 261 1963 366 2030; x_wconf 88' lang='lat' dir='ltr'><strong>multa</strong></span> <span class='ocrx_word' id='word_1_126' title='bbox 392 1972 589 2050; x_wconf 88' lang='lat' dir='ltr'><strong>suppetunt,</strong></span> <span class='ocrx_word' id='word_1_127' title='bbox 622 1961 768 2050; x_wconf 90' lang='lat' dir='ltr'><strong>dumque</strong></span> <span class='ocrx_word' id='word_1_128' title='bbox 797 1965 854 2049; x_wconf 82' lang='lat' dir='ltr'><strong>agi</strong></span> <span class='ocrx_word' id='word_1_129' title='bbox 875 1975 1031 2051; x_wconf 88' lang='lat' dir='ltr'><strong>possunt,</strong></span> <span class='ocrx_word' id='word_1_130' title='bbox 1067 1985 1155 2048; x_wconf 87' lang='lat' dir='ltr'><strong>quae</strong></span> 
     </span>
     <span class='ocr_line' id='line_1_19' title="bbox 158 2063 1155 2152; baseline -0.006 -18"><span class='ocrx_word' id='word_1_131' title='bbox 158 2065 316 2152; x_wconf 80' lang='lat' dir='ltr'><strong>subjecti,</strong></span> <span class='ocrx_word' id='word_1_132' title='bbox 337 2066 419 2152; x_wconf 86' lang='lat' dir='ltr'><strong>quia</strong></span> <span class='ocrx_word' id='word_1_133' title='bbox 440 2074 518 2130; x_wconf 85' lang='lat' dir='ltr'><strong>aeta</strong></span> <span class='ocrx_word' id='word_1_134' title='bbox 540 2071 634 2146; x_wconf 88' lang='lat' dir='ltr'><strong>sunt,</strong></span> <span class='ocrx_word' id='word_1_135' title='bbox 658 2063 880 2144; x_wconf 87' lang='lat' dir='ltr'><strong>admirentur,</strong></span> <span class='ocrx_word' id='word_1_136' title='bbox 903 2065 940 2130; x_wconf 89' lang='lat' dir='ltr'><strong>in</strong></span> <span class='ocrx_word' id='word_1_137' title='bbox 953 2065 1155 2151; x_wconf 83' lang='lat' dir='ltr'><strong>cogitatione</strong></span> 
     </span>
     <span class='ocr_line' id='line_1_20' title="bbox 158 2162 1154 2250; baseline -0.004 -18"><span class='ocrx_word' id='word_1_138' title='bbox 158 2188 194 2233; x_wconf 88' lang='lat' dir='ltr'><strong>se</strong></span> <span class='ocrx_word' id='word_1_139' title='bbox 215 2167 345 2232; x_wconf 89' lang='lat' dir='ltr'><strong>animus</strong></span> <span class='ocrx_word' id='word_1_140' title='bbox 367 2163 495 2248; x_wconf 82' lang='lat' dir='ltr'><strong>elevat,</strong></span> <span class='ocrx_word' id='word_1_141' title='bbox 529 2173 562 2229; x_wconf 89' lang='lat' dir='ltr'><strong>et</strong></span> <span class='ocrx_word' id='word_1_142' title='bbox 590 2163 690 2250; x_wconf 87' lang='lat' dir='ltr'><strong>pleno</strong></span> <span class='ocrx_word' id='word_1_143' title='bbox 712 2165 748 2227; x_wconf 92' lang='lat' dir='ltr'><strong>in</strong></span> <span class='ocrx_word' id='word_1_144' title='bbox 770 2185 805 2227; x_wconf 89' lang='lat' dir='ltr'><strong>se</strong></span> <span class='ocrx_word' id='word_1_145' title='bbox 826 2165 911 2228; x_wconf 90' lang='lat' dir='ltr'><strong>iram</strong></span> <span class='ocrx_word' id='word_1_146' title='bbox 934 2162 1060 2250; x_wconf 81' lang='lat' dir='ltr'><strong>judicis</strong></span> <span class='ocrx_word' id='word_1_147' title='bbox 1077 2185 1154 2248; x_wconf 93' lang='lat' dir='ltr'><strong>pro-</strong></span> 
     </span>
     <span class='ocr_line' id='line_1_21' title="bbox 157 2262 1154 2350; baseline -0.004 -18"><span class='ocrx_word' id='word_1_148' title='bbox 157 2274 273 2350; x_wconf 84' lang='lat' dir='ltr'><strong>vocat,</strong></span> <span class='ocrx_word' id='word_1_149' title='bbox 298 2264 450 2350; x_wconf 88' lang='lat' dir='ltr'><strong>quamvis</strong></span> <span class='ocrx_word' id='word_1_150' title='bbox 472 2283 533 2350; x_wconf 89' lang='lat' dir='ltr'><strong>per</strong></span> <span class='ocrx_word' id='word_1_151' title='bbox 553 2265 672 2347; x_wconf 84' lang='lat' dir='ltr'><strong>iniqua</strong></span> <span class='ocrx_word' id='word_1_152' title='bbox 684 2262 776 2329; x_wconf 81' lang='lat' dir='ltr'><strong>foras</strong></span> <span class='ocrx_word' id='word_1_153' title='bbox 790 2284 894 2349; x_wconf 90' lang='lat' dir='ltr'><strong>opera</strong></span> <span class='ocrx_word' id='word_1_154' title='bbox 908 2285 976 2329; x_wconf 90' lang='lat' dir='ltr'><strong>uon</strong></span> <span class='ocrx_word' id='word_1_155' title='bbox 992 2273 1154 2350; x_wconf 86' lang='lat' dir='ltr'><strong>erumpat</strong></span> 
     </span>
     <span class='ocr_line' id='line_1_22' title="bbox 155 2360 1155 2454; baseline -0.006 -22"><span class='ocrx_word' id='word_1_156' title='bbox 155 2366 254 2432; x_wconf 89' lang='lat' dir='ltr'><strong>Intus</strong></span> <span class='ocrx_word' id='word_1_157' title='bbox 277 2366 403 2454; x_wconf 86' lang='lat' dir='ltr'><strong>quippe</strong></span> <span class='ocrx_word' id='word_1_158' title='bbox 432 2371 498 2444; x_wconf 90' lang='lat' dir='ltr'><strong>est,</strong></span> <span class='ocrx_word' id='word_1_159' title='bbox 537 2365 596 2448; x_wconf 90' lang='lat' dir='ltr'><strong>qui</strong></span> <span class='ocrx_word' id='word_1_160' title='bbox 618 2360 768 2447; x_wconf 83' lang='lat' dir='ltr'><strong>judicat,</strong></span> <span class='ocrx_word' id='word_1_161' title='bbox 798 2361 888 2427; x_wconf 87' lang='lat' dir='ltr'><strong>intus</strong></span> <span class='ocrx_word' id='word_1_162' title='bbox 916 2362 1004 2447; x_wconf 89' lang='lat' dir='ltr'><strong>quod</strong></span> <span class='ocrx_word' id='word_1_163' title='bbox 1021 2361 1155 2450; x_wconf 85' lang='lat' dir='ltr'><strong>judiea-</strong></span> 
     </span>
     <span class='ocr_line' id='line_1_23' title="bbox 156 2458 1153 2547; baseline -0.007 -16"><span class='ocrx_word' id='word_1_164' title='bbox 156 2473 222 2532; x_wconf 86' lang='lat' dir='ltr'><strong>tur.</strong></span> <span class='ocrx_word' id='word_1_165' title='bbox 268 2462 352 2530; x_wconf 81' lang='lat' dir='ltr'><strong>Cum</strong></span> <span class='ocrx_word' id='word_1_166' title='bbox 376 2484 456 2547; x_wconf 82' lang='lat' dir='ltr'><strong>ergo</strong></span> <span class='ocrx_word' id='word_1_167' title='bbox 485 2462 521 2524; x_wconf 90' lang='lat' dir='ltr'><strong>iu</strong></span> <span class='ocrx_word' id='word_1_168' title='bbox 548 2458 646 2526; x_wconf 83' lang='lat' dir='ltr'><strong>eorde</strong></span> <span class='ocrx_word' id='word_1_169' title='bbox 669 2458 910 2546; x_wconf 87' lang='lat' dir='ltr'><strong>delinquimus,</strong></span> <span class='ocrx_word' id='word_1_170' title='bbox 943 2461 1027 2528; x_wconf 90' lang='lat' dir='ltr'><strong>latet</strong></span> <span class='ocrx_word' id='word_1_171' title='bbox 1048 2460 1153 2530; x_wconf 89' lang='lat' dir='ltr'><strong>bomi-</strong></span> 
     </span>
     <span class='ocr_line' id='line_1_24' title="bbox 156 2559 1154 2652; baseline -0.006 -20"><span class='ocrx_word' id='word_1_172' title='bbox 156 2588 235 2648; x_wconf 89' lang='lat' dir='ltr'><strong>nes,</strong></span> <span class='ocrx_word' id='word_1_173' title='bbox 259 2563 348 2652; x_wconf 91' lang='lat' dir='ltr'><strong>quod</strong></span> <span class='ocrx_word' id='word_1_174' title='bbox 368 2559 461 2650; x_wconf 88' lang='lat' dir='ltr'><strong>apud</strong></span> <span class='ocrx_word' id='word_1_175' title='bbox 482 2582 543 2625; x_wconf 85' lang='lat' dir='ltr'><strong>nos</strong></span> <span class='ocrx_word' id='word_1_176' title='bbox 564 2560 711 2643; x_wconf 82' lang='lat' dir='ltr'><strong>agimus3</strong></span> <span class='ocrx_word' id='word_1_177' title='bbox 735 2559 794 2626; x_wconf 91' lang='lat' dir='ltr'><strong>sed</strong></span> <span class='ocrx_word' id='word_1_178' title='bbox 816 2569 929 2627; x_wconf 89' lang='lat' dir='ltr'><strong>tamen</strong></span> <span class='ocrx_word' id='word_1_179' title='bbox 950 2562 1022 2648; x_wconf 90' lang='lat' dir='ltr'><strong>ipso</strong></span> <span class='ocrx_word' id='word_1_180' title='bbox 1036 2561 1154 2648; x_wconf 83' lang='lat' dir='ltr'><strong>judice</strong></span> 
     </span>
     <span class='ocr_line' id='line_1_25' title="bbox 156 2658 1155 2752; baseline -0.004 -20"><span class='ocrx_word' id='word_1_181' title='bbox 156 2674 243 2738; x_wconf 84' lang='lat' dir='ltr'><strong>teste</strong></span> <span class='ocrx_word' id='word_1_182' title='bbox 265 2683 450 2752; x_wconf 75' lang='lat' dir='ltr'><strong>pereamus.</strong></span> <span class='ocrx_word' id='word_1_183' title='bbox 495 2659 613 2746; x_wconf 87' lang='lat' dir='ltr'><strong>Neque</strong></span> <span class='ocrx_word' id='word_1_184' title='bbox 641 2660 728 2724; x_wconf 91' lang='lat' dir='ltr'><strong>enim</strong></span> <span class='ocrx_word' id='word_1_185' title='bbox 756 2681 817 2724; x_wconf 85' lang='lat' dir='ltr'><strong>rex</strong></span> <span class='ocrx_word' id='word_1_186' title='bbox 843 2658 1052 2748; x_wconf 86' lang='lat' dir='ltr'><strong>Babyloniae</strong></span> <span class='ocrx_word' id='word_1_187' title='bbox 1074 2671 1155 2728; x_wconf 85' lang='lat' dir='ltr'><strong>tune</strong></span> 
     </span>
     <span class='ocr_line' id='line_1_26' title="bbox 156 2757 1154 2845; baseline -0.006 -13"><span class='ocrx_word' id='word_1_188' title='bbox 156 2788 236 2832; x_wconf 86' lang='lat' dir='ltr'><strong>reus</strong></span> <span class='ocrx_word' id='word_1_189' title='bbox 257 2763 298 2828; x_wconf 89' lang='lat' dir='ltr'><strong>de</strong></span> <span class='ocrx_word' id='word_1_190' title='bbox 319 2760 463 2827; x_wconf 87' lang='lat' dir='ltr'><strong>elatione</strong></span> <span class='ocrx_word' id='word_1_191' title='bbox 486 2759 611 2843; x_wconf 89' lang='lat' dir='ltr'><strong>extitit,</strong></span> <span class='ocrx_word' id='word_1_192' title='bbox 635 2779 709 2824; x_wconf 87' lang='lat' dir='ltr'><strong>oum</strong></span> <span class='ocrx_word' id='word_1_193' title='bbox 730 2757 773 2823; x_wconf 91' lang='lat' dir='ltr'><strong>ad</strong></span> <span class='ocrx_word' id='word_1_194' title='bbox 788 2758 943 2826; x_wconf 89' lang='lat' dir='ltr'><strong>elationis</strong></span> <span class='ocrx_word' id='word_1_195' title='bbox 957 2759 1065 2825; x_wconf 85' lang='lat' dir='ltr'><strong>verba</strong></span> <span class='ocrx_word' id='word_1_196' title='bbox 1077 2782 1154 2845; x_wconf 91' lang='lat' dir='ltr'><strong>per·</strong></span> 
     </span>
     <span class='ocr_line' id='line_1_27' title="bbox 156 2856 1153 2950; baseline -0.009 -17"><span class='ocrx_word' id='word_1_197' title='bbox 156 2866 267 2948; x_wconf 81' lang='lat' dir='ltr'><strong>venit3</strong></span> <span class='ocrx_word' id='word_1_198' title='bbox 293 2862 419 2950; x_wconf 87' lang='lat' dir='ltr'><strong>quippe</strong></span> <span class='ocrx_word' id='word_1_199' title='bbox 441 2860 578 2948; x_wconf 88' lang='lat' dir='ltr'><strong>quiere</strong></span> <span class='ocrx_word' id='word_1_200' title='bbox 607 2856 800 2948; x_wconf 83' lang='lat' dir='ltr'><strong>prophetico</strong></span> <span class='ocrx_word' id='word_1_201' title='bbox 824 2867 858 2924; x_wconf 88' lang='lat' dir='ltr'><strong>et</strong></span> <span class='ocrx_word' id='word_1_202' title='bbox 878 2868 974 2940; x_wconf 87' lang='lat' dir='ltr'><strong>ante,</strong></span> <span class='ocrx_word' id='word_1_203' title='bbox 1004 2880 1079 2922; x_wconf 87' lang='lat' dir='ltr'><strong>oum</strong></span> <span class='ocrx_word' id='word_1_204' title='bbox 1107 2858 1153 2924; x_wconf 89' lang='lat' dir='ltr'><strong>ab</strong></span> 
     </span>
     <span class='ocr_line' id='line_1_28' title="bbox 158 2957 1153 3045; baseline -0.007 -14"><span class='ocrx_word' id='word_1_205' title='bbox 158 2964 304 3031; x_wconf 87' lang='lat' dir='ltr'><strong>elatione</strong></span> <span class='ocrx_word' id='word_1_206' title='bbox 332 2961 438 3027; x_wconf 82' lang='lat' dir='ltr'><strong>tacuit</strong></span> <span class='ocrx_word' id='word_1_207' title='bbox 463 2959 508 3045; x_wconf 81' lang='lat'><strong>³),</strong></span> <span class='ocrx_word' id='word_1_208' title='bbox 550 2959 745 3025; x_wconf 83' lang='lat' dir='ltr'><strong>sententiam</strong></span> <span class='ocrx_word' id='word_1_209' title='bbox 780 2957 1027 3045; x_wconf 84' lang='lat' dir='ltr'><strong>reprobationis</strong></span> <span class='ocrx_word' id='word_1_210' title='bbox 1058 2958 1153 3024; x_wconf 83' lang='lat' dir='ltr'><strong>audi-</strong></span> 
     </span>
     <span class='ocr_line' id='line_1_29' title="bbox 158 3055 1154 3150; baseline -0.007 -20"><span class='ocrx_word' id='word_1_211' title='bbox 158 3063 219 3130; x_wconf 86' lang='lat' dir='ltr'><strong>vit.</strong></span> <span class='ocrx_word' id='word_1_212' title='bbox 238 3061 267 3150; x_wconf 72' lang='lat'><strong>¹⁸)</strong></span> <span class='ocrx_word' id='word_1_213' title='bbox 313 3059 455 3148; x_wconf 80' lang='lat' dir='ltr'><strong>Culpam</strong></span> <span class='ocrx_word' id='word_1_214' title='bbox 477 3079 621 3148; x_wconf 90' lang='lat' dir='ltr'><strong>namque</strong></span> <span class='ocrx_word' id='word_1_215' title='bbox 644 3066 856 3147; x_wconf 84' lang='lat' dir='ltr'><strong>perpetratae</strong></span> <span class='ocrx_word' id='word_1_216' title='bbox 885 3055 1062 3146; x_wconf 88' lang='lat' dir='ltr'><strong>superbiae</strong></span> <span class='ocrx_word' id='word_1_217' title='bbox 1079 3059 1154 3145; x_wconf 86' lang='lat' dir='ltr'><strong>jam</strong></span> 
     </span>
     <span class='ocr_line' id='line_1_30' title="bbox 158 3152 1152 3246; baseline -0.008 -16"><span class='ocrx_word' id='word_1_218' title='bbox 158 3171 239 3230; x_wconf 85' lang='lat' dir='ltr'><strong>ante</strong></span> <span class='ocrx_word' id='word_1_219' title='bbox 262 3161 464 3243; x_wconf 83' lang='lat' dir='ltr'><strong>deterserat,</strong></span> <span class='ocrx_word' id='word_1_220' title='bbox 488 3152 545 3246; x_wconf 86' lang='lat' dir='ltr'><strong>qui</strong></span> <span class='ocrx_word' id='word_1_221' title='bbox 565 3158 823 3245; x_wconf 87' lang='lat' dir='ltr'><strong>omnipotentem</strong></span> <span class='ocrx_word' id='word_1_222' title='bbox 844 3156 971 3240; x_wconf 88' lang='lat' dir='ltr'><strong>Deum&#39;,</strong></span> <span class='ocrx_word' id='word_1_223' title='bbox 994 3179 1092 3244; x_wconf 88' lang='lat' dir='ltr'><strong>quem</strong></span> <span class='ocrx_word' id='word_1_224' title='bbox 1116 3179 1152 3223; x_wconf 91' lang='lat' dir='ltr'><strong>se</strong></span> 
     </span>
     <span class='ocr_line' id='line_1_31' title="bbox 159 3247 1152 3348; baseline -0.011 -17"><span class='ocrx_word' id='word_1_225' title='bbox 159 3263 338 3332; x_wconf 85' lang='lat' dir='ltr'><strong>offendisse</strong></span> <span class='ocrx_word' id='word_1_226' title='bbox 358 3261 498 3348; x_wconf 87' lang='lat' dir='ltr'><strong>reperit,</strong></span> <span class='ocrx_word' id='word_1_227' title='bbox 528 3258 656 3325; x_wconf 82' lang='lat' dir='ltr'><strong>eunetis</strong></span> <span class='ocrx_word' id='word_1_228' title='bbox 684 3254 745 3323; x_wconf 88' lang='lat' dir='ltr'><strong>sub</strong></span> <span class='ocrx_word' id='word_1_229' title='bbox 775 3276 810 3321; x_wconf 91' lang='lat' dir='ltr'><strong>se</strong></span> <span class='ocrx_word' id='word_1_230' title='bbox 832 3254 987 3341; x_wconf 86' lang='lat' dir='ltr'><strong>gentibus</strong></span> <span class='ocrx_word' id='word_1_231' title='bbox 1017 3247 1152 3342; x_wconf 68' lang='lat' dir='ltr'><strong>praediss</strong></span> 
     </span>
    </p>
   </div>
   <div class='ocr_carea' id='block_1_6' title="bbox 159 3355 1270 3449">
    <p class='ocr_par' dir='ltr' id='par_1_6' title="bbox 159 3355 1270 3449">
     <span class='ocr_line' id='line_1_32' title="bbox 159 3355 1270 3449; baseline -0.011 -19"><span class='ocrx_word' id='word_1_232' title='bbox 159 3364 258 3430; x_wconf 86' lang='lat' dir='ltr'><strong>eavit.</strong></span> <span class='ocrx_word' id='word_1_233' title='bbox 303 3358 370 3427; x_wconf 85' lang='lat' dir='ltr'><strong>Sed</strong></span> <span class='ocrx_word' id='word_1_234' title='bbox 396 3356 574 3449; x_wconf 83' lang='lat' dir='ltr'><strong>posthaec</strong></span> <span class='ocrx_word' id='word_1_235' title='bbox 596 3377 751 3424; x_wconf 80' lang='lat' dir='ltr'><strong>successu</strong></span> <span class='ocrx_word' id='word_1_236' title='bbox 783 3377 863 3422; x_wconf 86' lang='lat' dir='ltr'><strong>suae</strong></span> <span class='ocrx_word' id='word_1_237' title='bbox 886 3358 1061 3443; x_wconf 84' lang='lat' dir='ltr'><strong>potestatis</strong></span> <span class='ocrx_word' id='word_1_238' title='bbox 1083 3355 1172 3422; x_wconf 50' lang='lat' dir='ltr'><strong>ele·¹</strong></span> <span class='ocrx_word' id='word_1_239' title='bbox 1269 3389 1270 3392; x_wconf 17' lang='grc' dir='ltr'>π</span> 
     </span>
    </p>
   </div>
   <div class='ocr_carea' id='block_1_7' title="bbox 160 3522 441 3536">
    <p class='ocr_par' dir='ltr' id='par_1_7' title="bbox 160 3522 441 3536">
     <span class='ocr_line' id='line_1_33' title="bbox 160 3522 441 3536; baseline -0.011 -1"><span class='ocrx_word' id='word_1_240' title='bbox 160 3522 441 3536; x_wconf 52' lang='lat' dir='ltr'><strong>W·-</strong></span> 
     </span>
    </p>
   </div>
   <div class='ocr_carea' id='block_1_8' title="bbox 204 3585 1152 3752">
    <p class='ocr_par' dir='ltr' id='par_1_8' title="bbox 204 3585 1152 3752">
     <span class='ocr_line' id='line_1_34' title="bbox 204 3585 1152 3663; baseline -0.011 -14"><span class='ocrx_word' id='word_1_241' title='bbox 204 3595 224 3660; x_wconf 88' lang='lat'><strong>¹)</strong></span> <span class='ocrx_word' id='word_1_242' title='bbox 246 3593 329 3650; x_wconf 82' lang='lat' dir='ltr'><strong>Eruli.</strong></span> <span class='ocrx_word' id='word_1_243' title='bbox 347 3593 392 3663; x_wconf 88' lang='lat'><strong>11,</strong></span> <span class='ocrx_word' id='word_1_244' title='bbox 412 3592 453 3651; x_wconf 90' lang='lat'><strong>10.</strong></span> <span class='ocrx_word' id='word_1_245' title='bbox 474 3619 504 3630; x_wconf 93' lang='lat'><em>-</em></span> <span class='ocrx_word' id='word_1_246' title='bbox 524 3586 544 3653; x_wconf 88' lang='lat'><strong>²)</strong></span> <span class='ocrx_word' id='word_1_247' title='bbox 564 3587 589 3642; x_wconf 62' lang='lat'><strong>4„</strong></span> <span class='ocrx_word' id='word_1_248' title='bbox 608 3587 673 3654; x_wconf 73' lang='lat' dir='ltr'><strong>sog.</strong></span> <span class='ocrx_word' id='word_1_249' title='bbox 687 3587 734 3656; x_wconf 82' lang='lat'><strong>20,</strong></span> <span class='ocrx_word' id='word_1_250' title='bbox 753 3585 794 3642; x_wconf 80' lang='lat'><strong>13.</strong></span> <span class='ocrx_word' id='word_1_251' title='bbox 821 3585 878 3640; x_wconf 81' lang='lat' dir='ltr'><strong>Isai</strong></span> <span class='ocrx_word' id='word_1_252' title='bbox 895 3586 943 3656; x_wconf 83' lang='lat'><strong>39,</strong></span> <span class='ocrx_word' id='word_1_253' title='bbox 961 3587 987 3642; x_wconf 82' lang='grc'><strong>1.</strong></span> <span class='ocrx_word' id='word_1_254' title='bbox 1007 3615 1036 3650; x_wconf 65' lang='lat'><strong>:-</strong></span> <span class='ocrx_word' id='word_1_255' title='bbox 1058 3585 1081 3656; x_wconf 76' lang='grc'><strong>3)</strong></span> <span class='ocrx_word' id='word_1_256' title='bbox 1099 3588 1152 3640; x_wconf 92' lang='lat' dir='ltr'><strong>i.s.</strong></span> 
     </span>
     <span class='ocr_line' id='line_1_35' title="bbox 246 3670 1151 3752; baseline -0.009 -17"><span class='ocrx_word' id='word_1_257' title='bbox 246 3685 382 3750; x_wconf 80' lang='lat' dir='ltr'><strong>antequam</strong></span> <span class='ocrx_word' id='word_1_258' title='bbox 399 3679 480 3734; x_wconf 82' lang='lat' dir='ltr'><strong>verba</strong></span> <span class='ocrx_word' id='word_1_259' title='bbox 497 3689 562 3731; x_wconf 82' lang='lat' dir='ltr'><strong>snae</strong></span> <span class='ocrx_word' id='word_1_260' title='bbox 578 3673 699 3730; x_wconf 80' lang='lat' dir='ltr'><strong>elationis</strong></span> <span class='ocrx_word' id='word_1_261' title='bbox 715 3673 870 3738; x_wconf 81' lang='lat' dir='ltr'><strong>absolveret.</strong></span> <span class='ocrx_word' id='word_1_262' title='bbox 888 3702 922 3752; x_wconf 45' lang='lat' dir='ltr'><strong>ff</strong></span> <span class='ocrx_word' id='word_1_263' title='bbox 939 3670 960 3738; x_wconf 67' lang='grc'><strong>4)</strong></span> <span class='ocrx_word' id='word_1_264' title='bbox 978 3676 1046 3730; x_wconf 78' lang='lat' dir='ltr'><strong>Dan.</strong></span> <span class='ocrx_word' id='word_1_265' title='bbox 1057 3675 1089 3744; x_wconf 82' lang='lat'><strong>4,</strong></span> <span class='ocrx_word' id='word_1_266' title='bbox 1108 3676 1151 3732; x_wconf 83' lang='grc'><strong>16.</strong></span> 
     </span>
    </p>
   </div>
   <div class='ocr_carea' id='block_1_9' title="bbox 0 0 1282 4150">
    <p class='ocr_par' dir='ltr' id='par_1_9' title="bbox 0 0 1282 4150">
     <span class='ocr_line' id='line_1_36' title="bbox 0 0 1282 4150; baseline 0 0"><span class='ocrx_word' id='word_1_267' title='bbox 0 0 1282 4150; x_wconf 95' lang='lat' dir='ltr'><strong> </strong></span> 
     </span>
    </p>
   </div>
  </div>
 </body>
</html>
