2554 4172
522 150 725 218 ..73-

127 318 288 408 animulis
319 317 491 399 nutriunt,
525 315 591 383 elia
621 316 776 417 occidunt
780 365 792 400 ,
825 321 860 380 et
888 313 974 380 lenis
1003 314 1122 382 sibilus

126 457 230 524 equos
251 435 400 520 mitigat,
424 433 554 500 catulos
575 434 724 518 instigat
768 432 813 498 Et
833 433 1122 516 medicamentum,

128 549 216 640 quod
237 551 326 616 huno
346 549 496 615 morbum
517 550 693 632 imminuit,
716 548 814 616 alteri
833 549 923 614 vires
940 550 1069 636 jungit,
1090 559 1124 616 et

113 669 239 756 penis,
262 667 321 752 qui
342 667 444 731 vitam
458 665 593 734 fortium
608 666 756 749 roborat,
779 665 997 752 parvulorum
1013 676 1123 733 necat.

128 782 196 850 Pro
219 783 382 872 qualitate
406 782 510 868 igitur
531 780 739 848 audientium
752 781 891 848 formari
906 779 1005 848 debet
1015 805 1123 850 sermo

130 897 320 982 doctorum,
343 909 381 966 ut
403 907 437 963 et
458 899 501 964 ad
524 919 585 964 sue
607 898 750 983 singulis
764 909 942 984 congruat,
969 907 1124 966 ettamen

198 1136 314 1189 urbanos
334 1139 360 1186 et
376 1134 497 1200 rusticos,
515 1133 582 1186 inter
599 1131 733 1202 simplices
750 1136 775 1186 et
792 1131 917 1199 callidos,
934 1132 1002 1186 inter
1017 1147 1062 1186 eos
1079 1133 1126 1200 qui

199 1223 227 1272 in
246 1219 323 1272 rebus
341 1219 460 1288 gerendis
478 1224 630 1285 versentur,
657 1224 682 1271 et
708 1217 803 1286 quietis
826 1217 967 1284 studiosos,
991 1217 1057 1272 inter
1081 1231 1126 1270 eos

200 1320 309 1373 quorum
335 1319 377 1358 res
401 1305 429 1356 in
455 1304 568 1358 deterius
592 1309 704 1358 mutatae
729 1307 805 1370 sunt,
833 1307 858 1356 et
875 1317 921 1356 eos
938 1303 985 1370 qui
1002 1303 1126 1372 prospero

200 1405 280 1444 cursu
297 1391 429 1458 seruntur,
447 1405 495 1444 nec
513 1390 614 1443 duriore
631 1403 745 1458 unquam
762 1387 868 1442 fortuna
891 1387 1030 1443 conflictati
1047 1389 1127 1442 sunt?

199 1479 297 1530 Horum
322 1479 390 1532 onim
408 1475 510 1544 singuli
534 1474 720 1545 cupiditatibus
743 1490 928 1543 nonnunquam
952 1473 1127 1528 studentibus

198 1564 286 1632 magis
301 1564 370 1616 inter
387 1577 416 1616 se
433 1563 566 1628 differunt,
585 1577 662 1630 quem
681 1575 816 1629 corporum
833 1561 926 1629 figuris
944 1560 1126 1614 etlineamen-

199 1652 250 1715 tis,
274 1653 335 1716 eut,
359 1649 389 1700 si
401 1649 498 1713 mavis,
524 1649 723 1714 elementorum,
751 1651 827 1699 etex
850 1645 947 1714 quibus
970 1651 1127 1712 constamus,

200 1734 371 1788 mixtionibus
389 1739 415 1787 et
431 1734 651 1802 temperamentis,
669 1748 700 1785 ae
718 1732 826 1801 proinde
842 1743 891 1783 nec
907 1728 987 1784 focile
1004 1730 1061 1798 regi
1077 1744 1126 1797 gu-

199 1811 353 1888 bernarique
370 1823 489 1887 possunt.
525 1819 596 1887 Quin
612 1819 716 1887 potius,
734 1818 947 1888 quemadmodum
967 1831 1020 1870 non
1038 1817 1126 1868 eedem

201 1905 397 1968 medicamenta,
424 1919 472 1958 neo
495 1905 583 1957 eadem
606 1905 730 1957 elimenta
754 1902 904 1970 corporibus
922 1901 1059 1972 quibusvis
1077 1901 1127 1952 ad-

202 1988 336 2056 hibentur,
362 1990 408 2041 sed
425 1988 480 2041 slis
497 1988 570 2056 aliis,
595 1988 683 2041 habits
701 1988 822 2042 videlicet
839 1988 882 2040 vel
900 1988 1021 2042 sanitatis
1038 1999 1128 2041 eorum

202 2073 245 2125 vel
262 2075 388 2127 adversae
406 2073 563 2126 valetudinis
580 2072 690 2124 ratione:
711 2073 799 2126 eodem
816 2087 917 2141 quoque
935 2075 1009 2127 modo
1026 2073 1129 2128 animae

202 2159 306 2212 diversa
322 2161 421 2214 rationo
447 2175 478 2212 sc
499 2158 644 2226 ,discipline
668 2162 800 2214 curentur.
833 2158 859 2209 Ii
883 2173 959 2226 porro
985 2159 1129 2212 curationis

201 2249 279 2298 testes
298 2251 367 2312 sunt,
385 2247 429 2315 qui
446 2244 543 2299 morbis
559 2243 707 2314 hujusmodi
723 2240 860 2299 vexantur.
888 2243 966 2297 Alios
982 2258 1066 2298 sermo
1077 2245 1129 2297 du-

201 2331 248 2396 cit,
266 2331 314 2383 alii
333 2322 452 2400 exemplo
471 2333 669 2399 componuntur.
704 2329 760 2382 Alii
777 2329 924 2382 calcaribus
943 2319 1009 2399 opus
1026 2329 1129 2394 hebent,

199 2417 248 2469 alii
268 2417 349 2471 freno.
384 2419 448 2469 Nem
468 2419 513 2485 qui
531 2429 626 2483 segnes
644 2419 714 2484 sunt,
732 2421 810 2484 etque
829 2417 862 2468 ad
880 2415 975 2469 bonum
988 2431 1066 2484 aegre
1076 2418 1128 2469 im-

200 2501 349 2570 pelluntur,
368 2503 397 2554 hi
414 2502 550 2556 verborum
569 2501 681 2555 stimulis
700 2502 829 2556 excitandi
843 2507 919 2570 sunt3
938 2503 1055 2571 quivero
1070 2501 1128 2571 spi-

200 2588 260 2655 ritu,
279 2603 357 2656 quam
375 2602 423 2656 pur
439 2588 487 2654 sit,
503 2585 673 2640 ferventiores
691 2593 769 2655 sunt,
785 2591 861 2654 etque
880 2585 1001 2642 eirenato
1020 2589 1129 2658 quodem

200 2673 347 2727 animorum
364 2673 461 2742 impetu
478 2671 610 2739 seruntur,
635 2672 707 2726 velut
733 2672 837 2743 equulei
863 2673 981 2742 generosi
1004 2673 1129 2742 procule

200 2765 269 2814 meta
286 2763 436 2825 currentes,
462 2759 511 2811 hos
529 2757 620 2825 utique
637 2758 764 2812 orationis
780 2756 854 2812 freno
871 2773 990 2813 coercere
1005 2774 1038 2813 ec
1052 2759 1128 2812 cohi-

202 2844 262 2898 bere
279 2845 449 2915 praestiterit.
483 2843 555 2897 nnn
572 2844 688 2898 trenno
706 2829 815 2898 niutau
830 2841 888 2911 fun,
907 2843 970 2896 auis
985 2843 1129 2912 reprehen-

203 2931 255 2997 sio,
282 2935 393 3000 utraque
416 2930 537 2985 videlicet
554 2929 703 2998 tempestive
726 2929 851 2982 adhibita:
877 2933 924 2981 aut
941 2931 1030 2981 contre
1047 2929 1129 2982 detri-

203 3019 298 3082 mento,
324 3031 377 3070 nou
395 3016 546 3085 tempestive
570 3019 595 3067 et
616 3029 675 3068 cum
697 3013 797 3066 ratione
818 3012 943 3066 adhibita.
979 3012 1056 3068 Alios
1080 3029 1128 3070 co·

201 3098 312 3152 hortatio
328 3100 363 3152 sd
379 3097 495 3154 officium
512 3100 615 3168 dirigit,
632 3099 701 3152 alios
718 3097 880 3168 obJ'urgstio,
897 3103 975 3168 atquo
991 3100 1057 3154 haec
1065 3115 1128 3154 rur-

152 3231 154 3238 .
203 3196 251 3236 sus
268 3182 352 3253 alios,
371 3186 395 3238 si
412 3186 499 3254 palem
515 3188 673 3254 arguentur,
691 3183 773 3253 alios,
792 3185 818 3238 si
834 3185 940 3238 remotis
957 3185 1063 3239 arbitris
1077 3185 1127 3237 sd-

201 3272 363 3326 monesntur.
405 3267 472 3324 Sunt
497 3270 566 3324 enim
591 3269 637 3338 qui
659 3270 778 3340 privates
798 3271 987 3326 admonitiones
1011 3273 1128 3323 contem-

152 3411 155 3416 .
202 3359 281 3422 nent,
311 3353 419 3424 publica
445 3360 532 3410 sutem
553 3355 755 3425 reprehensione
779 3355 813 3410 sd
830 3355 945 3411 cilicium
962 3357 1126 3408 revocentur:

152 3495 155 3502 Δ
202 3445 264 3495 suut
280 3453 388 3516 meus,
405 3440 452 3510 qui
467 3440 576 3496 liberius
586 3441 752 3510 reprehensi,
768 3442 891 3511 pudorem
908 3452 1008 3494 omnem
1024 3437 1129 3493 abster-

202 3531 277 3596 gent,
295 3529 437 3596 coutrequs
454 3527 564 3604 ocimu,
574 3526 754 3597 omegstione
771 3527 892 3582 meliores
908 3523 1065 3580 reddantur:
1080 3524 1128 3580 iis·

153 3655 159 3667 ,
184 3626 253 3690 ‘que
270 3625 335 3684 quos
352 3612 437 3670 vicem
455 3626 530 3698 suum
548 3612 635 3670 dolere
650 3613 821 3685 perspiciunt,
839 3614 890 3668 hoc
906 3610 1023 3668 muneris
1043 3607 1127 3670 vicis·

846 3697 868 3762 4
