2554 4172
542 199 772 269 ..152-

170 363 449 452 nne-gretie&
491 365 644 434 noceo
660 364 804 452 loquens
824 364 1104 455 impugnabatur,
1133 374 1178 432 et
1258 389 1259 444 ι

171 474 286 536 tmen
307 465 524 551 impugantes
536 475 610 531 eret
620 465 797 553 pacificum
820 467 901 552 quie
914 465 1173 553 λιιιιιίιιιιιιιίιιιι·

169 570 223 630 tes
244 565 400 632 cersebct
427 563 692 650 reprehendere,
722 584 785 632 uec
806 563 1029 651 reprehensos
1058 562 1173 648 negli-

169 664 274 750 gcbnt
296 686 417 733 emere.
460 663 660 730 Hinceticm
672 664 802 732 Paulus
816 666 885 730 sit:
908 663 953 730 Si
973 665 990 730 f
997 664 1080 730 ieri
1100 686 1172 752 pc·

170 770 268 846 test,
292 763 402 850 quod
430 785 480 830 ex
508 764 637 831 vobis
659 773 745 847 est,
767 786 856 830 cum
878 764 1078 832 omnibus
1100 763 1172 830 ho·

169 865 355 931 minibus
378 885 525 951 pacem
546 861 766 930 hebentes.
784 861 811 952 ²)
853 864 1057 932 Hortaturus
1080 862 1173 932 euim

169 963 363 1046 discipulos,
386 973 423 1029 ut
444 983 561 1050 pacem
582 987 657 1030 cum
679 962 834 1030 omnibus
856 961 1035 1042 heberent,
1069 981 1174 1046 prce-

168 1066 261 1130 misit
290 1063 416 1128 dicens:
446 1061 492 1128 Si
510 1062 618 1130 fieri
646 1073 814 1151 potest,
843 1073 946 1151 etque
975 1061 1174 1147 subjunxit:

171 1164 295 1245 Quod
317 1186 367 1230 ex
388 1162 510 1230 vobis
534 1173 610 1228 est.
652 1162 800 1230 Difficile
823 1165 949 1250 quippe
970 1173 1057 1246 eret,
1078 1173 1116 1230 ut
1137 1168 1174 1230 si

168 1263 257 1330 nale
279 1271 355 1330 ecte
377 1263 601 1350 corriperent,
632 1261 758 1328 habere
779 1285 895 1349 penem
917 1284 991 1330 cum
1011 1262 1171 1332 omnibus

168 1370 316 1452 possent.
361 1361 429 1428 Sed
450 1383 524 1428 cum
538 1364 731 1451 temporalis
753 1385 822 1451 pex
844 1364 879 1430 in
891 1385 1072 1449 pravorum
1093 1384 1169 1430 cor·

168 1461 266 1528 dibus
288 1482 331 1526 ex
352 1471 466 1528 nostra
487 1463 715 1548 increpatione
737 1462 972 1547 confunditur,
1003 1463 1170 1530 inviolate.

166 1581 306 1630 necesse
329 1572 390 1644 est,
412 1566 508 1627 utin
529 1572 642 1630 nostro
665 1562 764 1628 corde
780 1573 944 1630 servetur.
985 1564 1165 1631 Rectcite·

168 1681 234 1748 qne
256 1662 316 1726 eit:
341 1660 458 1741 Quod
479 1685 529 1728 ex
550 1661 675 1728 vobis
705 1674 779 1729 est.
822 1663 873 1729 Ac
896 1665 925 1729 si
947 1665 1100 1730 nimirum
1115 1664 1162 1732 di·

113 1827 115 1832 ,
166 1770 237 1829 cot:
268 1760 358 1838 Quis
378 1783 448 1846 pax
469 1784 512 1826 ex
534 1761 674 1828 duarum
701 1763 847 1845 partium
870 1785 1033 1832 consensu
1056 1764 1160 1830 subsi-

165 1861 244 1940 stit,
275 1861 305 1926 si
326 1858 370 1926 ab
391 1862 439 1926 eis
461 1864 520 1949 tpui
542 1863 788 1951 corripiuntur,
812 1864 1009 1951 expellitur,
1032 1865 1167 1949 integre

164 1968 277 2026 temen
304 1961 340 2025 in
369 1971 503 2046 vestre,
540 1964 599 2051 qui
634 1965 822 2052 corripitis,
855 1975 965 2032 mente
996 1973 1166 2031 teneatur.

164 2059 266 2126 Unde
288 2060 373 2126 idem
394 2084 526 2127 rursum
548 2063 731 2150 discipulos
753 2064 925 2145 admonet,
950 2064 1077 2129 dicens:
1104 2062 1165 2128 Si-

166 2160 263 2248 quis
291 2182 371 2226 non
399 2160 541 2228 obedit
569 2163 696 2230 verbo
724 2174 872 2236 nostro
901 2185 975 2246 per
1004 2161 1163 2244 episto-

163 2258 263 2343 lem,
294 2261 405 2328 hunc
432 2273 596 2345 notete3
624 2272 666 2327 ct
694 2285 771 2330 non
800 2257 1166 2326 commisceamini

165 2381 252 2428 cum
271 2359 367 2442 illo,
399 2371 444 2428 ut
473 2357 813 2441 confundatum-³)
854 2355 965 2441 Atque
987 2351 1077 2416 illico
1099 2351 1160 2416 ed·

164 2459 293 2540 iunxit:
326 2461 380 2526 Et
406 2461 542 2528 nolite
572 2469 621 2524 ut
647 2458 869 2522 inimicum
898 2451 1160 2519 existimare

163 2557 310 2642 illum,
342 2560 419 2626 sed
447 2557 662 2642 corripite
702 2563 748 2618 nt
780 2550 1016 2640 fratrent)
1059 2550 1163 2618 Acsi

163 2654 305 2726 diceret:
341 2659 462 2724 Pacem
485 2679 557 2722 cum
579 2676 617 2718 eo
640 2653 840 2718 exteriorem
863 2652 998 2734 solvite,
1029 2651 1088 2718 sed
1108 2652 1160 2716 in·

162 2761 318 2826 terionem
330 2759 418 2823 circe
428 2755 524 2822 illum
537 2750 727 2819 medullitus
742 2753 922 2836 custoditc3
943 2763 981 2818 ut
991 2752 1162 2840 peccent'u

162 2869 307 2924 mentem
328 2858 378 2921 sic
398 2863 511 2920 vestre
534 2851 701 2918 discordie
723 2854 833 2937 feriet,
856 2865 1024 2940 quatenus
1047 2875 1116 2932 pcx
1139 2873 1161 2917 s.

163 2957 317 3025 cordibus
340 2954 463 3020 vestris
485 2973 547 3018 nec
567 2952 740 3038 abnegate
759 2952 919 3020 discedet

447 3137 477 3205 '0
497 3141 530 3206 A
553 3139 580 3204 Ρ
602 3140 635 3206 U
661 3141 689 3206 Τ
733 3140 871 3208 XXIII.

162 3273 334 3350 Quomodo
352 3273 568 3344 admonendi,
588 3277 646 3344 qui
660 3275 783 3346 jurgia
801 3281 929 3344 serunt,
949 3283 979 3330 et
996 3273 1158 3346 pacifici.

225 3389 331 3458 Aliter
351 3391 553 3461 admonendi
573 3389 652 3462 sunt
673 3397 876 3462 seminantes
898 3396 1031 3484 jurgia,
1055 3400 1157 3479 etque

184 3563 271 3638 eri.
290 3567 357 3643 sse,
376 3577 461 3626 ⁷.-·-
489 3574 511 3639 ²)
528 3575 600 3628 nom.
619 3573 665 3641 ιι,
694 3563 734 3628 ιι.
761 3600 793 3614 -
819 3573 885 3640 ’γι
904 3568 995 3626 rests
1012 3572 1044 3637 s,
1064 3567 1104 3623 ιι,
1122 3601 1158 3612 -

230 3655 251 3724 ⁴)
269 3661 295 3715 t.
313 3662 404 3719 These.
423 3659 449 3729 3,
470 3660 510 3716 15.
846 3671 849 3679 ’
