2554 4172
401 116 707 196 ,¹733-

99 311 237 358 neeesse
265 296 332 371 est,
364 307 451 374 quae
484 284 626 367 dixerit,
656 283 833 352 custodire.
885 284 1095 376 Illaqueatur

99 389 204 476 igitur
231 385 344 452 verbis
374 385 439 450 oris
472 384 543 469 sui,
572 383 650 449 dum
678 385 811 451 ratione
840 386 995 472 exigente
1017 411 1095 457 oon-

101 488 295 572 stringitur,
324 507 367 550 ne
398 485 473 570 ejus
495 483 566 548 vita
596 481 773 566 adalind,
803 505 903 571 quam
925 483 1094 569 admouet,

100 586 277 655 relaxetur.
327 581 424 648 Unde
457 580 548 670 apud
579 580 763 648 districtum
788 581 936 670 Judioem
963 588 1095 670 cogitur

98 695 196 754 tante
217 688 252 753 in
273 706 373 771 opere
396 682 587 764 exsolvere,
618 692 744 768 quanta
772 703 848 748 eum
869 695 1000 751 constat
1021 685 1095 754 aliis

99 809 180 855 voce
201 787 423 873 praecepisse.
466 780 535 848 Ubi
556 791 590 845 et
611 781 697 847 bene
709 804 785 847 mox
807 783 994 851 exhortatio
1017 784 1097 852 sub-

101 885 210 966 ditur,
245 895 283 949 ut
303 882 452 948 dicatur:
488 881 574 946 Fae
595 903 714 966 ergo,
746 882 852 969 quod
883 880 994 966 dieo,
1025 885 1096 951 fili

101 987 168 1070 mi,
197 993 236 1053 et
258 985 537 1070 temetipsum
566 979 735 1063 libera,
768 984 867 1068 quia
892 985 1095 1050 incidisti

100 1089 145 1153 in
166 1107 312 1150 manus
334 1082 522 1171 proximi
544 1081 627 1162 tui,
660 1078 874 1162 discurre,
905 1081 1094 1168 festina,

101 1186 261 1251 suscita
283 1182 456 1246 amioum
477 1194 606 1260 tuum3
628 1201 680 1246 ne
703 1178 886 1246 dederis
911 1205 1096 1249 somnum

101 1281 232 1350 oeulis
254 1282 353 1363 tuis,
375 1301 421 1346 ne
445 1277 674 1346 dormitent
695 1275 925 1366 palpebrae
948 1281 1094 1364 tuaest)

101 1381 264 1469 Quisquis
286 1379 373 1445 enim
395 1377 439 1443 ad
461 1376 640 1444 vivendum
666 1377 745 1444 aliis
766 1378 800 1446 in
824 1381 976 1468 exemplo
997 1405 1095 1469 prae·

100 1482 249 1565 ponitur,
283 1503 349 1548 non
378 1476 484 1545 solum
512 1488 549 1544 ut
580 1481 652 1565 ipse
675 1477 814 1564 vigilet,
850 1479 909 1546 sed
938 1483 1036 1548 etiam
1058 1490 1097 1548 ut

11 1575 15 1578 ’
101 1583 243 1648 amioum
273 1580 429 1661 suscitet,
461 1576 670 1647 admonetur.
711 1577 755 1643 Ei
783 1601 927 1664 namque
955 1580 1096 1666 vigilare

99 1678 349 1752 benevivendo
371 1701 439 1745 non
453 1677 587 1756 suffieit,
609 1679 638 1741 si
660 1701 728 1746 non
750 1687 783 1743 et
793 1671 899 1764 illum,
921 1681 977 1746 eui
998 1703 1095 1767 prae-

97 1791 168 1866 est,
200 1801 221 1842 a
244 1777 374 1864 peceati
400 1788 534 1865 torpore
556 1777 728 1862 disjungit.
768 1777 859 1844 Bene
881 1789 991 1846 autem
1014 1780 1095 1846 dioi-

99 1890 173 1944 tur:
194 1877 249 1942 Ne
272 1876 437 1941 dederis
461 1898 639 1941 somnum
657 1875 791 1942 oeulis
812 1879 916 1958 tuis,
938 1901 987 1946 ne
1010 1879 1096 1948 dor-

101 1979 262 2042 mitent
288 1972 546 2061 palpebrae
580 1973 740 2064 triae.²)
786 1974 943 2043 Somnum
971 1981 1098 2068 quippe

101 2073 211 2142 oeulis
233 2073 315 2140 dare
343 2083 395 2139 est
421 2074 604 2140 intentione
626 2083 779 2140 cessante
812 2074 1020 2142 subditorum
1042 2101 1098 2145 eu-

101 2197 174 2240 ram
196 2175 327 2241 omnino
356 2172 540 2258 negligere.
575 2170 773 2267 'Palpebrae
801 2196 880 2240 vero
910 2175 1100 2262 dormitant,

103 2294 177 2341 eum
198 2273 419 2360 cogitationes
449 2280 583 2339 nostrae
605 2295 667 2356 ea,
697 2295 785 2360 quae
812 2275 849 2339 in
880 2271 1023 2342 subditis
1045 2297 1099 2342 ar·

100 2371 240 2458 guenda
273 2382 492 2460 cognoscunt,
520 2372 922 2460 pigredine'deprimente
944 2371 1098 2445 dissimu-¹

104 2471 188 2538 lant
229 2471 334 2539 Pleue
357 2471 445 2537 enim
460 2471 600 2537 dormire
614 2481 665 2539 est
678 2473 922 2540 commissorum
944 2485 1021 2542 aeta
1036 2496 1099 2542 neo

102 2571 191 2637 seire
220 2592 283 2638 neo
310 2573 485 2656 corrigere.
528 2571 601 2638 Non
633 2583 743 2638 autem
765 2571 920 2656 dormire,
943 2573 1002 2641 sed
1024 2574 1097 2643 dor·

101 2671 222 2736 mitare
244 2681 311 2752 est,
341 2693 428 2758 quae
458 2669 591 2758 quidem
621 2669 899 2758 reprehendenda
921 2684 999 2739 sunt
1021 2696 1097 2759 eog-

105 2792 239 2836 noscere
247 2819 257 2852 ,
290 2770 349 2836 sed
369 2778 482 2834 tamen
508 2781 646 2857 propter
666 2770 785 2836 mentis
815 2769 964 2837 taedium
986 2771 1099 2858 dignis

104 2889 147 2932 ea
167 2870 451 2956 increpationibus
472 2892 538 2935 non
559 2871 744 2935 emendare.
776 2867 995 2936 Dormitando
1017 2893 1099 2938 vero

105 2965 222 3032 oculus
244 2968 288 3033 ad
307 2968 536 3055 plenissimum
565 2989 712 3034 somnum
739 2968 888 3049 ducitur,
919 2969 998 3053 quia
1020 2968 1098 3036 dum

104 3063 312 3152 plerumque,
336 3071 550 3156 quipraeest,
572 3065 704 3148 malum,
728 3065 816 3153 quod
826 3067 1007 3152 cognoscit,
1031 3092 1099 3138 nou

104 3175 252 3249 reseoat,
286 3163 329 3229 ad
352 3165 413 3233 hoc
436 3165 636 3255 quandoque
662 3162 889 3250 negligentiae
919 3189 1000 3233 suae
1028 3191 1096 3233 me-

104 3265 169 3330 rito
191 3265 363 3351 pervenit,
392 3275 429 3330 ut
451 3264 581 3351 quoda
605 3260 763 3350 subjectis
785 3262 1008 3355 delinquitur,
1035 3287 1101 3335 nee

101 3364 275 3452 agnoscat.
383 3365 385 3370 ’

139 3585 160 3650 ¹)
179 3587 254 3641 Prov.
273 3587 298 3654 6,
323 3585 349 3643 3.
367 3615 400 3624 -
419 3586 440 3650 ²)
459 3587 533 3640 Prov.
550 3587 576 3652 6,
591 3587 616 3644 l.
