2554 4172
561 177 600 189 ..
644 87 704 212 {42
749 177 786 186 ...

167 323 398 392 aequeque
426 315 638 390 aggravat
666 314 812 378 contra
840 324 883 370 se
913 303 1084 379 densum
1101 303 1177 383 ,lia-

163 393 280 478 ¹tuin?
291 402 316 488 ¹)
338 403 453 470 Avaro
466 405 712 490 quippecontra
727 425 764 470 se
777 402 915 474 densum
927 401 1032 477 lutum
1044 423 1176 486 aggra-

172 523 253 577 ωε
275 513 327 569 est
348 513 484 571 terrena
505 502 600 570 luere
628 523 702 568 cum
725 500 872 587 pondere
903 503 1035 587 peccati
1054 522 1174 571 eumu-

170 601 252 671 lere.
307 602 392 672 Cum
420 600 640 687 multiplicare
675 600 772 684 large
806 600 1028 678 habitationis
1058 603 1177 686 spatie

163 703 333 788 eupiunt,
355 681 504 775 ‘audiant
534 699 623 784 quod
653 702 811 788 scriptum
841 711 903 766 est:
952 703 1055 783 Vae,
1091 701 1174 784 qui

163 803 437 889 conjungitis
471 798 626 867 domum
664 799 714 864 ad
745 800 921 884 demtum,
955 811 995 866 et
1021 821 1173 884 agrum

160 922 279 986 agro
307 898 540 987 copuletis,
570 898 784 986 usquead
812 903 1041 968 terminum
1073 899 1172 966 loci.

165 998 373 1087 ‹Numquid
394 996 652 1062 habitabitis
673 999 753 1064 soli
775 1021 848 1066 vos
871 1001 913 1067 in
935 999 1065 1066 medio
1087 1010 1172 1064 ter·

171 1101 267 1166 rae?
281 1102 306 1178 ²)
346 1095 397 1160 Ac
418 1096 446 1160 si
468 1105 584 1182 aperte
597 1095 738 1164 diceret:
770 1099 954 1186 Quousque
969 1123 1026 1165 vos
1049 1110 1170 1167 exten·

162 1199 266 1280 ditis,
301 1197 360 1284 qui
383 1193 504 1260 habere
526 1196 563 1260 in
585 1199 747 1262 communi
768 1197 892 1266 mundo
915 1210 1085 1266 consortes
1105 1200 1170 1265 mi·
1254 1191 1255 1202 ²

162 1299 257 1370 :nime
277 1293 438 1380 potestis?
468 1292 670 1379 Oonjunetos
682 1295 814 1382 quidem
830 1297 991 1383 premitis,
1014 1296 1072 1362 sed
1087 1314 1167 1384 eon·

169 1407 222 1465 tra
245 1414 327 1479 quos
356 1391 499 1457 valeatis
529 1417 586 1459 vos
609 1394 809 1475 extendere,
841 1418 971 1481 semper
997 1391 1170 1466 invenitis.

169 1492 253 1557 Cum
267 1489 430 1573 augendis
449 1492 597 1578 pecuniis
623 1494 764 1572 inhiant,
787 1492 927 1558 audiant
949 1497 1037 1578 quod
1060 1499 1165 1582 serip-

160 1601 235 1667 tum
271 1598 336 1656 est:
364 1591 527 1656 Avarus
556 1614 634 1657 non
663 1591 860 1678 impletur
892 1597 1093 1678 pecunia,
1124 1608 1171 1662 et

162 1689 369 1777 quiamat
401 1690 598 1774 divitias,
632 1714 710 1757 non
742 1695 887 1780 capiet
916 1693 1089 1760 fructus
1111 1718 1161 1766 ex

164 1791 240 1857 eir.
256 1786 283 1874 3)
328 1790 472 1856 Fructus
495 1792 676 1878 quippeex
698 1791 765 1858 illis
783 1803 928 1878 caperet,
955 1797 983 1859 si
995 1817 1054 1860 eas
1076 1794 1163 1865 bene

87 1917 90 1924 ·
160 1909 325 1975 spargere
348 1911 416 1956 non
438 1881 579 1956 amando
601 1890 771 1957 voluisset.
817 1892 884 1972 Qui
907 1917 987 1960 vero
1009 1917 1067 1961 eas
1091 1895 1169 1960 dili·

162 1987 274 2073 gendo
297 1991 437 2074 retinet,
472 1989 526 2054 hie
555 1992 672 2078 utique
697 1995 768 2058 sine
800 1993 911 2060 frrretu
941 1993 1166 2078 derelinquet.

168 2087 251 2154 Cum
272 2088 397 2177 repleri
418 2091 547 2157 eunetis
577 2090 674 2156 simul
697 2095 817 2179 opibus
839 2094 1071 2171 inardescunt,
1103 2116 1165 2158 au·

164 2187 260 2255 diant
293 2189 381 2275 quod
405 2193 562 2278 seriptum
587 2201 652 2254 est:
694 2191 782 2272 Qui
812 2193 996 2256 festinat
1022 2189 1166 2272 ditari,

160 2291 350 2364 nouerit
377 2291 596 2354 innocens:
617 2293 647 2372 a»)
669 2291 814 2374 profecto
845 2289 930 2350 enim
954 2289 1010 2368 qui
1033 2305 1163 2364 augere

161 2408 245 2474 opes
268 2387 383 2468 ambit,
408 2390 512 2454 vitare
528 2398 698 2473 peceatum
719 2385 871 2469 negligit,
891 2395 925 2446 et
939 2403 1029 2446 more
1046 2383 1161 2446 avium

160 2495 293 2574 captus,
317 2507 389 2550 cum
403 2509 512 2551 eseam
529 2503 735 2552 terrenarum
758 2505 867 2548 rerum
890 2479 1008 2546 avidus
1031 2483 1164 2568 conspi-

163 2587 221 2668 cit,
247 2609 312 2672 quo
336 2587 566 2670 stranguletur
588 2583 717 2670 peceati
740 2581 879 2668 laqueo,
909 2603 975 2646 non
998 2583 1161 2666 agnoseit.

108 2749 112 2760 ,
164 2685 249 2758 Cum
270 2685 444 2774 quaelibet
472 2683 658 2769 praesentis
693 2681 808 2746 mundi
838 2680 932 2745 lucra
954 2681 1160 2761 desiderant,

163 2795 198 2850 et
219 2807 278 2867 ee,
310 2805 396 2870 quae
419 2783 458 2846 de
487 2781 598 2846 futuro
629 2779 750 2844 damna
772 2781 963 2868 patientur,
992 2782 1161 2864 ignorant,

162 2887 302 2958 audiant
325 2883 412 2970 quod
434 2882 674 2964 scriptumest:
695 2879 939 2962 Hereditas,
968 2880 1162 2965 adquam

160 2985 406 3060 festinetur
429 2981 469 3044 in
498 2978 735 3065 principie,
766 2982 807 3045 in
829 2981 1069 3048 novissimo
1093 2977 1159 3042 be·

161 3084 401 3148 nedietione
424 3078 606 3144 carebit.
626 3079 652 3163 ⁵)
697 3079 750 3144 Ex
772 3080 836 3144 hoo
858 3082 983 3167 quippe
1005 3082 1075 3144 vitu
1098 3078 1160 3143 ini·

161 3185 245 3259 tium
268 3181 437 3262 ducimus,
463 3190 501 3245 ut
522 3179 565 3244 ad
586 3177 826 3247 benedictionis
849 3190 970 3244 sortem
993 3181 1029 3242 in
1049 3179 1161 3245 novis·

160 3284 244 3356 aimo
271 3280 463 3353 veniamus:
496 3281 553 3367 qui
584 3279 700 3366 itaque
724 3281 757 3344 in
781 3279 946 3367 principio
980 3277 1163 3347 hereditati

192 3507 211 3579 ¹)
229 3509 329 3575 Habes.
346 3510 417 3578 2„6.
438 3535 468 3572 -ε,
489 3507 510 3576 ²)
525 3508 589 3564 Ital.
605 3507 632 3574 ,5,
651 3506 680 3570 dr
702 3529 734 3548 -⁴
747 3507 783 3576 2¹)
801 3507 923 3576 Euclio,
943 3507 968 3575 9.
988 3537 1021 3547 -
1040 3503 1065 3574 ⁶)
1082 3506 1162 3576 Prot.

232 3594 273 3664 ²8,
292 3597 333 3653 20.
351 3625 385 3636 -
406 3595 426 3666 ⁵)
446 3597 522 3648 Prcv.
541 3593 583 3661 20,
601 3591 644 3645 at.
