2520 4152
516 151 681 217 ...Προι-
703 123 748 204 ..Ν

127 323 198 382 tun
219 317 428 402 postmodnm
454 324 565 382 rectae
595 318 798 402 operatorii
821 323 1014 406 erigentem
1045 325 1152 410 quit·
1243 379 1244 390 ,

127 417 305 482 etidcirco
331 415 436 480 cltum
466 415 571 480 silvae
599 414 725 500 lignum
757 419 971 501 succidimus,
1002 429 1041 484 ut
1062 419 1137 486 hoc

126 513 167 579 in
184 511 326 579 aedificii
348 515 493 600 tegmine
516 513 746 580 sublevemus:
767 517 824 580 sed
847 527 962 582 tamen
984 541 1050 586 non
1070 541 1129 585 re·

125 605 226 702 pente
248 615 285 682 in
307 615 439 680 fabrice
460 615 610 696 ponitur,
641 624 679 679 ut
698 616 852 682 nimirum
880 618 974 703 prius
1000 619 1151 684 vitiosa·

125 717 200 802 ejas
223 713 379 780 viriditas
401 716 604 795 exsiccetur,
636 717 733 802 cujus
757 735 822 800 quo
844 715 923 802 plus
946 719 981 780 in
1002 716 1129 783 infimis

122 815 244 880 humor
265 815 482 899 excoquitur,
506 835 544 877 eo
568 813 612 878 ad
635 835 762 878 summe
783 813 923 880 solidius
945 816 1091 882 levatur.

187 915 233 978 At
263 923 380 979 contra
407 911 607 977 admonendi
630 921 728 995 sunt,
762 915 820 998 qui
846 912 1002 980 inchoate
1032 915 1130 984 bona

123 1014 257 1078 minime
279 1020 527 1093 consummant,
550 1021 589 1078 ut
611 1022 712 1077 cauta
727 1012 1023 1100 circumspectione
1044 1036 1128 1082 con·
1243 1019 1244 1032 ²

123 1113 288 1193 siderent,
314 1112 393 1198 quic
408 1109 492 1176 ‘dum
515 1113 686 1199 proposita
707 1135 777 1178 non
797 1113 990 1200 perficiunt,
1021 1115 1144 1180 etiem*

123 1232 210 1298 quae
231 1211 369 1277 fuerant
391 1223 520 1296 coepta,
536 1209 748 1278 convellunt.
786 1211 823 1276 Si
845 1215 933 1280 enim
961 1214 1050 1298 quod
1073 1215 1127 1279 vi·

123 1310 220 1377 detur
253 1309 454 1395 gerendum,
495 1309 633 1374 sollicita
672 1309 853 1376 intentione
893 1335 957 1378 non
990 1314 1126 1396 crescit,

122 1417 224 1478 etiam
246 1409 335 1498 quod
356 1409 467 1474 fuerat
488 1409 574 1474 bene
596 1419 746 1500 gestum,
782 1411 954 1476 decrescit
997 1412 1037 1478 In
1060 1413 1129 1480 hoc

123 1516 247 1601 quippe
269 1509 391 1577 mundo
414 1508 561 1572 humana
581 1509 695 1573 anime
717 1512 815 1596 quasi
836 1531 929 1578 merc
953 1513 1052 1578 novis
1071 1520 1127 1578 est

122 1621 239 1678 contre
261 1613 360 1676 ictum
382 1608 528 1674 fluminis
552 1608 807 1674 conscendentis
821 1609 871 1697 ¹),
908 1633 974 1677 uno
996 1613 1032 1676 in
1049 1610 1122 1677 loco

121 1714 336 1799 nequaquam
360 1717 448 1774 stare
470 1709 692 1794 permittitur,
723 1709 803 1796 quie
831 1711 875 1776 ed
903 1712 971 1777 ima
999 1710 1117 1776 relabi·

119 1815 192 1893 tur',
215 1812 282 1876 nisi
306 1808 350 1872 ad
372 1829 499 1874 summa
520 1817 669 1898 conetur.
704 1807 741 1874 Si
763 1829 843 1895 ergo
862 1808 1123 1878 inchoetaboac

119 1911 218 1977 fortis
246 1909 417 1995 operantis
444 1928 565 1973 manus
596 1905 639 1972 ad
660 1909 896 1994 perfectionem
924 1933 991 1976 non
1013 1907 1125 1976 suble·

119 2009 200 2091 va't,
225 2010 300 2094 ipsa
322 2005 484 2094 operandi
506 2008 657 2073 remissio
679 2019 796 2074 contra
817 2009 896 2091 hoc,
928 2007 1017 2096 quod
1042 2030 1123 2096 ops·
1169 2019 1173 2026 “

119 2111 230 2176 retum
251 2115 318 2188 est,
340 2115 479 2191 pugnat.
522 2107 610 2176 Hinc
633 2116 684 2172 est
706 2111 811 2190 enirn,
834 2107 923 2191 quod
944 2129 1005 2194 per
1025 2106 1122 2176 Salo·

120 2232 250 2277 monem
273 2205 411 2271 dicitur:
444 2204 523 2284 Qui
550 2205 688 2272 mollis
719 2216 758 2270 et
787 2205 1024 2272 dissolutus
1056 2219 1124 2273 est

121 2312 319 2397 inopere
351 2327 439 2390 suo,
470 2307 610 2371 freter
637 2312 701 2370 est
732 2327 801 2370 sua
831 2327 962 2390 opera
993 2303 1140 2368 dissi-1

120 2411 276 2496 pantio.
298 2408 324 2494 ²)
369 2406 460 2488 Quis
483 2405 638 2470 videlicet
653 2405 839 2488 quicoepta
859 2403 946 2468 bona
967 2401 1137 2472 districtc·

121 2508 187 2574 no'n
203 2499 406 2594 exequitur,
431 2503 647 2569 dissolutione
671 2491 895 2585 negligentiae
914 2503 1137 2568 manando-1

121 2604 279 2673 struentis
301 2606 457 2671 imitatur.
490 2603 577 2666 Hinc
600 2599 715 2662 Sardis
738 2599 913 2666 Ecclesiae
929 2601 974 2668 ab
986 2603 1135 2689 Angelov

121 2705 259 2772 dicitur:
295 2697 630 2784 Estovigilans,
665 2699 933 2766 etcont'irms
964 2713 1134 2788 cetera,-

122 2828 224 2894 quae
262 2805 477 2872 moriture¹
513 2807 649 2862 erant:
684 2821 763 2864 non
802 2801 912 2864 enim
944 2803 1131 2871 invenio·

121 2928 256 2993 opera¹
280 2897 510 2986 tua'plea'a
543 2917 680 2962 coram
717 2899 805 2964 Deo
837 2915 931 2966 meo.
956 2899 983 2989 3)
1028 2903 1120 2984 Quis

121 3007 227 3092 igitur
248 3005 349 3094 plena
372 3017 480 3062 corum
502 2995 575 3062 Deo
598 3000 673 3084 cjus
695 3023 798 3088 opera
812 3001 951 3068 inventa
967 3005 1119 3070 nonfuo-

120 3117 208 3188 rant,
231 3105 390 3170 moritura
403 3095 534 3185 reliqua
550 3101 663 3184 etiam,
687 3123 774 3188 quae
787 3111 885 3168 erant
900 3113 1006 3186 gesta,
1021 3094 1128 3192 prae*

122 3204 272 3271 dicebat·
292 3199 343 3263 *Si
365 3198 453 3262 enim
476 3197 563 3285 quod
592 3210 756 3266 mortuum
783 3203 819 3264 in
846 3200 941 3268 nobis
971 3211 1041 3286 est,
1075 3203 1119 3269 ad

120 3307 223 3370 vitam
244 3319 310 3367 non
332 3297 544 3380 accenditur,
568 3298 631 3364 hcc
653 3301 752 3366 etiem
775 3303 1001 3387 extinguitur,
1028 3302 1123 3386 quod·

122 3403 219 3492 quasi
248 3397 356 3465 adhuc
386 3399 501 3467 vivum
529 3408 672 3467 tenetur.
720 3399 932 3499 Admoncudi
954 3409 1048 3486 sunt,
1080 3413 1125 3471 ut.

237 3541 240 3548 r
363 3501 377 3547 ,t
492 3521 506 3550 ,Γ
551 3521 569 3553 γ’,
612 3541 616 3548 .

156 3623 175 3685 ¹)
192 3619 258 3682 Alit.
276 3621 513 3678 condescendentis.
532 3650 563 3666 -
591 3619 614 3689 ⁸)
633 3623 709 3678 Prov.
729 3621 775 3690 18,
794 3619 820 3678 9.
831 3631 871 3662 '—
898 3614 926 3690 ¹³)
946 3597 1028 3694 Apoc-
1046 3594 1073 3688 i‚
1090 3623 1118 3682 2.
