2554 4172
515 208 656 306 -101
923 189 926 196 ·

144 385 236 454 recte
258 375 329 450 illic
352 373 518 442 subditur:
550 373 753 442 Putredo
776 367 935 442 ossium
957 367 1138 457 in'vidia3

143 477 227 567 quia·
254 499 315 564 per
343 475 459 542 livoris
491 475 608 541 vitium
636 484 714 540 ante
742 473 809 538 Dei
841 473 952 541 oculos
981 484 1136 572 pereunt,
1258 465 1264 480 ⁸

144 579 247 643 etiam
276 597 363 663 quae
392 576 546 641 humanis
574 574 679 639 oculis
705 573 807 640 fortia
838 572 1003 642 videntur.
1049 573 1143 672 Ossa,

146 677 269 764 quippe
289 699 350 764 per
370 675 530 742 invidiam
553 685 743 760 putrescere
771 682 822 738 est
852 673 1015 760 quaedam
1036 677 1137 740 etiam

70 825 74 833 .
145 773 284 842 robusta
306 775 468 863 deperire.
1140 765 1142 769 ’

466 935 703 1008 CAPUT
746 939 808 1004 XI.

177 1078 359 1147 Quomodo
379 1077 595 1138 admonendi
613 1077 804 1144 simplices
822 1082 853 1128 ot
872 1077 1143 1149 versipelles

204 1213 314 1277 Aliter
335 1211 533 1277 admonendi
556 1222 634 1278 sunt
645 1211 822 1294 simplices,
844 1220 944 1298 utque
967 1211 1063 1277 aliter
1076 1217 1133 1275 irn-

142 1314 230 1400 puri.
270 1310 447 1378 Laudandi
469 1320 546 1378 sunt
568 1311 744 1397 simplices,
767 1313 854 1397 quod
872 1311 1028 1378 studeant
1050 1335 1144 1376 nun-¹

141 1435 243 1500 quam
264 1409 351 1476 falsa
373 1411 492 1495 dicere,
511 1414 570 1477 sed
591 1411 791 1478 admonendi
813 1423 904 1494 suut,
926 1421 964 1478 ut
984 1411 1141 1475 noverint

139 1533 380 1596 nonuunquam
401 1532 484 1574 vera
513 1513 662 1576 reticere.
707 1513 801 1578 Sicut
822 1513 910 1576 enim
934 1533 1063 1596 semper
1084 1509 1143 1572 di-‚

138 1622 266 1676 centem
287 1610 420 1675 falsitas
449 1608 565 1690 laesit,
596 1613 644 1677 ita
665 1633 906 1698 nonnunquam
934 1609 1142 1698 quibusdem

137 1711 255 1775 auditu
276 1733 357 1775 vera
379 1721 574 1776 nocuerunt.
617 1711 715 1776 Unde
737 1733 849 1776 corum
868 1708 1043 1797 discipulis
1065 1707 1134 1772 Do·

137 1809 249 1873 minus
278 1807 479 1874 locutionem
520 1831 613 1874 suam
654 1809 781 1877 silentio
818 1821 1029 1897 temperans,
1068 1808 1133 1870 uit:

138 1906 274 1970 Multa
306 1904 437 1970 habeo
467 1906 586 1972 vobis
616 1907 778 1989 dicere,
811 1909 883 1974 sed
913 1928 1025 1974 nunc
1054 1927 1141 1970 nou·

138 2005 328 2092 potestis
357 2003 437 2068 illa
465 2007 691 2090 portare..¹)
734 2007 943 2074 Admonendi
970 2018 1048 2073 sunt
1070 2007 1142 2090 igi-f

137 2116 193 2170 tur
215 2103 397 2190 simplices,
427 2114 463 2168 ut
485 2107 570 2169 sicut
590 2103 761 2170 fallaciam
784 2129 913 2193 semper
933 2106 1060 2171 utiliter
1083 2106 1131 2168 vi·

135 2214 220 2285 tant,
243 2203 290 2266 ita
312 2203 485 2268 veritatem
500 2225 630 2288 semper
649 2204 774 2270 utiliter
788 2205 968 2289 proferant.
1010 2203 1143 2286 Admo·j

134 2302 238 2369 nendi
259 2314 348 2384 sunt,
370 2311 407 2367 ut
430 2303 653 2389 simplicitatis
676 2304 762 2370 bono
776 2304 988 2392 prudentiam
1011 2301 1142 2390 adjun-¹

136 2412 229 2487 gant,
253 2412 419 2487 quatenus
434 2403 482 2468 sic
497 2405 711 2470 securitatem
733 2404 773 2470 de
788 2404 1001 2490 simplicitate
1023 2403 1129 2490 possi·

135 2499 248 2582 deant,
271 2511 308 2567 ut
319 2504 646 2589 circumspectionem
662 2505 862 2591 prudentiae
876 2527 944 2570 non
965 2505 1143 2568 amittant:

134 2600 223 2666 Hinc
244 2623 388 2688 namquo
410 2623 470 2688 per
492 2603 656 2668 doctorem
678 2607 828 2690 gentium
850 2603 988 2670 dicitur:
1015 2599 1128 2666 Volo

134 2723 205 2766 vos
229 2702 451 2796 sapientes
479 2722 570 2768 esse
591 2705 634 2767 in
655 2703 781 2788 bono,
813 2703 1040 2792 simplices
1062 2724 1142 2765 ιιιι-Ι

133 2809 213 2864 tem
235 2800 277 2864 in
297 2799 417 2865 malo.
440 2797 466 2886 2)
509 2801 596 2866 Hinc
616 2801 736 2868 electos
753 2826 832 2868 suos
844 2803 1138 2888 persemetipsum.

134 2898 267 2962 Veritas
289 2898 458 2982 admouet,
482 2898 608 2966 dicens:
641 2901 785 2966 Estote
806 2901 1057 2986 prudentes
1082 2901 1138 2964 sic

135 3004 205 3059 cut
238 3005 481 3082 serpentes,
511 3010 550 3064 et
579 2999 802 3084 simplices
830 3003 947 3066 sicut
979 2998 1139 3065 colum-r

135 3091 184 3158 ba
196 3115 223 3156 e.
239 3091 265 3178 3)
309 3095 400 3174 Quia
420 3098 578 3163 videlicet
597 3099 632 3162 in
653 3096 831 3164 electorum
853 3098 1007 3180 cordibus
1031 3098 1129 3164 debet

134 3191 436 3278 ct‘simplicitatem
466 3196 639 3262 columbae
662 3198 786 3262 astutia
808 3198 972 3284 serpentis
994 3219 1127 3274 acuere,

134 3301 169 3356 et
197 3292 362 3376 serpentis
391 3297 547 3359 astutiam
575 3293 751 3361 columbae
781 3295 976 3384 simplicitas
1002 3306 1135 3384 tempe-¹

133 3411 225 3472 rure3
247 3400 415 3476 quatenus
438 3415 499 3460 nec
518 3394 655 3460 seducti
668 3415 728 3477 per
747 3395 960 3483 prudentiam
973 3393 1139 3477 calleant,

95 3545 97 3550 .
133 3509 196 3554 nec
217 3487 260 3553 ab
281 3489 473 3557 intellectus
496 3492 606 3559 studio
631 3516 675 3558 ex
696 3495 909 3583 simplicitate
924 3485 1139 3582 torpescants

134 3613 441 3626 nnn-nnn*

169 3663 189 3732 ¹)
206 3665 283 3720 son.
302 3665 343 3734 ce,
364 3669 404 3725 n.
425 3699 458 3708 -
477 3669 498 3738 ¹)
516 3671 589 3756 son.
608 3672 649 3738 rc,
669 3674 709 3744 19.
727 3702 761 3710 --
781 3671 803 3742 ³)
819 3675 910 3733 ussto.
930 3674 970 3740 10,
990 3675 1030 3732 to.
