2520 4152
544 123 795 252 ..rot-e*

156 345 291 413 solvant
310 338 446 408 fletibus
461 341 724 408 satisfactionis-¹
747 340 919 428 Scriptum
933 344 1065 428 'quippe
1085 353 1159 410 est:

156 439 430 510 Potumdedit
447 439 564 507 nobis
581 440 620 503 in
640 438 836 526 lacrymis
849 443 891 506 in
908 463 1101 508 mensura
1109 441 1155 530 ,¹)

155 552 193 608 ut
213 537 374 606 videlicet
400 539 664 622 uniuscujusque
684 558 778 604 meaa
797 549 926 606 tantum
948 538 1155 625 poenitende

154 640 419 726 compunctionis
441 659 520 703 suae
549 633 647 701 bibat
674 635 862 725 lacrymas,
886 647 1047 726 quantum
1070 661 1107 705 se
1130 659 1155 704 a

154 735 230 804 Deo
251 739 402 805 meminit
420 735 547 802 aruisse
575 756 636 820 per
658 734 786 824 culpas.
826 736 1038 802 ¹Admonondi
1060 747 1154 820 sunt,

122 891 124 895 .
154 847 193 904 ut
214 839 421 907 incessanter
442 831 589 900 admissa
611 847 688 900 ante
711 829 828 901 o'culos
850 835 1023 918 reducant,
1046 845 1153 923 atquc

155 936 302 1004 vivendo
322 943 442 1021 agant,
469 942 506 998 ut
527 957 548 999 a
570 933 720 1000 districto
737 932 853 1022 judice
871 934 983 1001 ‘videri
1003 934 1153 1002 non—ds·

124 1091 126 1097 .
158 1036 271 1103 beant.
315 1032 409 1100 Unde
430 1031 543 1098 David
564 1052 637 1098 cum
659 1042 808 1120 peteret,
833 1033 962 1099 dicens:
993 1035 1155 1100 Averte

158 1136 309 1204 oculos
337 1143 424 1198 tuos
445 1153 466 1196 a
488 1135 692 1220 peccatis
721 1135 845 1216 meis,
865 1130 892 1220 ²)
922 1133 1025 1220 paulo
1048 1155 1151 1220 supe-

156 1235 229 1302 rius
257 1231 379 1300 intulit:
408 1230 636 1298 Delictum
670 1253 803 1298 meum
831 1251 970 1298 coram
999 1255 1058 1298 me
1088 1244 1154 1300 est
1238 1289 1239 1296 ,

158 1355 327 1422 semper.
337 1328 363 1416 ³)
409 1330 460 1396 Ac
481 1333 509 1396 si
531 1332 671 1398 diceret:
701 1333 880 1397 Peccatum
903 1353 1012 1402 meum
1031 1355 1073 1398 ne
1097 1355 1152 1399 re·

156 1433 279 1520 spicias
299 1430 450 1518 postulo,
482 1433 561 1517 quia
584 1432 646 1496 hcc
672 1433 839 1520 respicere
861 1431 935 1518 ipse
956 1453 1025 1497 non
1047 1453 1149 1498 cesso
1175 1453 1178 1460 '
1238 1487 1239 1490 ,

156 1529 253 1595 Unde
277 1541 310 1594 et
331 1552 392 1617 per
413 1530 609 1618 prophetam
631 1531 796 1597 Dominus
818 1531 913 1598 dicit:
936 1531 986 1596 Et
1008 1553 1150 1619 pecca·

155 1637 291 1694 torum
321 1641 489 1695 tuorum
516 1653 669 1696 memor
698 1654 779 1699 non
805 1653 892 1714 ero,
924 1641 966 1698 tu
996 1643 1146 1698 autem

154 1751 299 1794 memor
321 1727 456 1816 estol)
493 1729 704 1796 Admonendi
727 1741 817 1814 sunt,
837 1742 874 1797 ut
891 1731 1023 1816 singule
1047 1749 1141 1815 quae·

155 1849 222 1916 qne
244 1827 390 1895 admissa
412 1829 635 1912 considerent,
659 1841 693 1896 et
713 1829 792 1895 dum
814 1850 873 1916 per
892 1829 1149 1916 unumquodque

156 1929 280 1994 erroris
304 1931 357 1996 sui
377 1932 644 2018 inquinationem
666 1929 801 2014 deflent,
825 1929 923 1995 simul
947 1952 981 1995 se
1004 1949 1044 1993 ac
1064 1937 1154 1994 totos

59 2041 62 2046 ’
153 2027 308 2116 lacrymis
330 2031 498 2097 mundent.
542 2031 640 2096 Unde
668 2029 755 2097 bene
784 2053 844 2116 per
865 2031 1043 2095 Jeremiarn
1071 2027 1155 2092 dici-

155 2138 221 2211 tur,
248 2149 324 2197 oum
344 2131 496 2197 Judaeac
520 2130 654 2216 singula
677 2129 801 2196 delicta
822 2137 1062 2217 pensarentur:
1084 2123 1156 2190 Di-

156 2229 353 2298 visiones
374 2253 585 2319 aquarum
608 2230 791 2297 deduxit
813 2227 963 2293 oculus
986 2245 1104 2290 meus.
1125 2219 1154 2308 ⁵)

156 2325 298 2396 Divisae
321 2334 444 2419 quippe
468 2352 511 2394 ex
533 2330 639 2395 oculis
661 2351 767 2414 aquas
786 2325 987 2405 deducimus,
1013 2318 1152 2409 quando

155 2432 305 2516 peccatis
320 2431 462 2516 singulis
476 2429 667 2516 dispertitas
683 2427 848 2510 lacrymas
861 2421 986 2488 damus.
1029 2419 1152 2508 Neque

156 2529 244 2593 enim
265 2553 332 2594 uno
355 2529 533 2616 eodemque
563 2535 708 2611 tempore
737 2544 844 2608 aeque
866 2543 961 2587 mens
983 2520 1023 2586 de
1045 2523 1152 2587 omni·

155 2625 223 2692 bus
244 2627 351 2712 dolet3
374 2629 434 2693 sed
455 2626 532 2690 dum
552 2645 642 2689 nunc
664 2623 782 2710 hujus,
805 2642 895 2687 nnnc
916 2621 1006 2688 illius
1027 2620 1151 2706 culpae

155 2728 312 2792 memoria
333 2729 444 2792 acrius
467 2726 633 2809 tangitur,
659 2723 757 2788 simul
788 2722 830 2786 de
852 2720 1005 2800 omnibus
1026 2723 1061 2787 in
1084 2721 1148 2785 sin·

157 2827 246 2912 gulis
268 2836 426 2893 commota
450 2832 622 2910 purgatur.

220 2921 429 2996 Admonendi
443 2932 532 3005 sunt,
554 2931 592 2988 ut
606 2921 647 2986 de
670 2921 896 2989 misericordia
913 2920 1019 3008 'quarn
1038 2930 1151 3010 pestu-

155 3027 240 3110 lant,
262 3030 487 3114 praesumunt,
512 3046 553 3090 ne
574 3025 609 3088 vi
630 3024 866 3089 immoderatae
888 3021 1080 3087 afflictionis
1099 3021 1154 3087 in·

158 3135 298 3202 tereant.
342 3122 459 3209 Neque
481 3125 568 3188 enim
590 3125 644 3212 pie
667 3123 829 3190 Dominus
851 3117 930 3188 ante
953 3119 1154 3206 delinquen·

157 3229 240 3296 tium
266 3223 380 3291 oculos
409 3222 521 3288 flenda
551 3233 690 3311 peccata
712 3233 868 3312 poneret,
898 3223 927 3287 si
953 3241 1012 3306 per
1034 3228 1156 3285 semet·

156 3327 267 3414 ipsum
300 3345 340 3388 ea
367 3323 516 3392 districte
547 3322 648 3388 ferire
676 3323 845 3418 voluisset
890 3321 1031 3388 Constat
1051 3321 1155 3414 enim,

183 3551 207 3618 ¹)
225 3552 269 3604 rs.
288 3552 329 3620 rs,
346 3553 372 3607 o.
391 3583 424 3592 -
442 3553 466 3622 ²)
484 3554 528 3609 rs.
545 3551 588 3618 oo,
605 3551 646 3604 ιι.
678 3579 701 3590 -
728 3551 751 3620 ·)
769 3552 814 3626 rs.
831 3543 876 3617 so,
891 3549 918 3608 s.
936 3577 969 3589 -
989 3547 1010 3616 ι)
1029 3541 1154 3633 [sautu

226 3637 270 3692 ao.
287 3639 329 3694 uo.
348 3667 379 3680 -
400 3638 419 3707 ςι
436 3641 529 3694 neren.
549 3638 574 3707 s,
592 3634 634 3694 rs.
889 3670 891 3674 .
1088 3635 1102 3674 :v
