<?xml version="1.0" encoding="UTF-8"?>
<!DOCTYPE html PUBLIC "-//W3C//DTD XHTML 1.0 Transitional//EN"
    "http://www.w3.org/TR/xhtml1/DTD/xhtml1-transitional.dtd">
<html xmlns="http://www.w3.org/1999/xhtml" xml:lang="en" lang="en">
 <head>
  <title>
</title>
<meta http-equiv="Content-Type" content="text/html;charset=utf-8" />
  <meta name='ocr-system' content='tesseract 3.04.00' />
  <meta name='ocr-capabilities' content='ocr_page ocr_carea ocr_par ocr_line ocrx_word'/>
</head>
<body>
  <div class='ocr_page' id='page_1' title='image "./sgregoriipapaei00westgoog_0051.png"; bbox 0 0 2556 4150; ppageno 0'>
   <div class='ocr_carea' id='block_1_1' title="bbox 532 177 751 262">
    <p class='ocr_par' dir='ltr' id='par_1_1' title="bbox 532 177 751 262">
     <span class='ocr_line' id='line_1_1' title="bbox 532 177 751 262; baseline 0 -44"><span class='ocrx_word' id='word_1_1' title='bbox 532 177 669 262; x_wconf 18' lang='grc' dir='ltr'>,ἕω</span> <span class='ocrx_word' id='word_1_2' title='bbox 711 231 751 242; x_wconf 47' lang='grc'>.-</span> 
     </span>
    </p>
   </div>
   <div class='ocr_carea' id='block_1_2' title="bbox 77 355 1198 1046">
    <p class='ocr_par' dir='ltr' id='par_1_2' title="bbox 77 355 1198 1046">
     <span class='ocr_line' id='line_1_2' title="bbox 144 355 1146 448; baseline 0.006 -24"><span class='ocrx_word' id='word_1_3' title='bbox 144 360 229 424; x_wconf 80' lang='lat' dir='ltr'>tare.</span> <span class='ocrx_word' id='word_1_4' title='bbox 274 355 375 423; x_wconf 75' lang='lat' dir='ltr'>liade</span> <span class='ocrx_word' id='word_1_5' title='bbox 394 357 464 425; x_wconf 83' lang='lat' dir='ltr'>illic</span> <span class='ocrx_word' id='word_1_6' title='bbox 485 359 648 448; x_wconf 84' lang='lat' dir='ltr'>scriptum</span> <span class='ocrx_word' id='word_1_7' title='bbox 669 368 734 426; x_wconf 80' lang='lat' dir='ltr'>est:</span> <span class='ocrx_word' id='word_1_8' title='bbox 776 359 909 427; x_wconf 81' lang='lat' dir='ltr'>Pones</span> <span class='ocrx_word' id='word_1_9' title='bbox 938 362 1073 428; x_wconf 79' lang='lat' dir='ltr'>autem</span> <span class='ocrx_word' id='word_1_10' title='bbox 1105 364 1146 430; x_wconf 85' lang='lat' dir='ltr'>in</span> 
     </span>
     <span class='ocr_line' id='line_1_3' title="bbox 144 455 1198 544; baseline 0.004 -20"><span class='ocrx_word' id='word_1_11' title='bbox 144 455 357 524; x_wconf 72' lang='lat' dir='ltr'>rationali</span> <span class='ocrx_word' id='word_1_12' title='bbox 382 457 541 544; x_wconf 77' lang='lat' dir='ltr'>J&#39;udicii</span> <span class='ocrx_word' id='word_1_13' title='bbox 573 455 808 525; x_wconf 88' lang='lat' dir='ltr'>doctrinam</span> <span class='ocrx_word' id='word_1_14' title='bbox 841 469 881 528; x_wconf 89' lang='lat' dir='ltr'>et</span> <span class='ocrx_word' id='word_1_15' title='bbox 909 462 1144 544; x_wconf 80' lang='lat' dir='ltr'>veritatem,</span> <span class='ocrx_word' id='word_1_16' title='bbox 1194 509 1198 516; x_wconf 86' lang='lat'>-</span> 
     </span>
     <span class='ocr_line' id='line_1_4' title="bbox 145 557 1145 647; baseline 0.008 -27"><span class='ocrx_word' id='word_1_17' title='bbox 145 577 252 644; x_wconf 84' lang='lat' dir='ltr'>qnae</span> <span class='ocrx_word' id='word_1_18' title='bbox 283 567 404 624; x_wconf 87' lang='lat' dir='ltr'>erunt</span> <span class='ocrx_word' id='word_1_19' title='bbox 432 558 475 624; x_wconf 90' lang='lat' dir='ltr'>in</span> <span class='ocrx_word' id='word_1_20' title='bbox 507 565 675 644; x_wconf 83' lang='lat' dir='ltr'>pectore</span> <span class='ocrx_word' id='word_1_21' title='bbox 701 557 859 642; x_wconf 85' lang='lat' dir='ltr'>Aaron,</span> <span class='ocrx_word' id='word_1_22' title='bbox 891 561 1060 647; x_wconf 78' lang='lat' dir='ltr'>quando</span> <span class='ocrx_word' id='word_1_23' title='bbox 1087 563 1145 628; x_wconf 87' lang='lat' dir='ltr'>in·</span> 
     </span>
     <span class='ocr_line' id='line_1_5' title="bbox 146 653 1145 748; baseline 0.008 -28"><span class='ocrx_word' id='word_1_24' title='bbox 146 653 370 739; x_wconf 87' lang='lat' dir='ltr'>gredietnr</span> <span class='ocrx_word' id='word_1_25' title='bbox 399 677 537 722; x_wconf 91' lang='lat' dir='ltr'>coram</span> <span class='ocrx_word' id='word_1_26' title='bbox 564 658 761 742; x_wconf 89' lang='lat' dir='ltr'>Domino,</span> <span class='ocrx_word' id='word_1_27' title='bbox 795 667 835 724; x_wconf 92' lang='lat' dir='ltr'>et</span> <span class='ocrx_word' id='word_1_28' title='bbox 863 658 1059 745; x_wconf 76' lang='lat' dir='ltr'>gestabit</span> <span class='ocrx_word' id='word_1_29' title='bbox 1081 661 1145 748; x_wconf 83' lang='lat' dir='ltr'>jn·</span> 
     </span>
     <span class='ocr_line' id='line_1_6' title="bbox 145 753 1146 844; baseline 0.005 -25"><span class='ocrx_word' id='word_1_30' title='bbox 145 753 301 821; x_wconf 82' lang='lat' dir='ltr'>dicium</span> <span class='ocrx_word' id='word_1_31' title='bbox 331 755 526 822; x_wconf 86' lang='lat' dir='ltr'>liliorum</span> <span class='ocrx_word' id='word_1_32' title='bbox 557 757 704 826; x_wconf 86' lang='lat' dir='ltr'>Israel</span> <span class='ocrx_word' id='word_1_33' title='bbox 735 760 776 825; x_wconf 91' lang='lat' dir='ltr'>in</span> <span class='ocrx_word' id='word_1_34' title='bbox 806 766 982 844; x_wconf 79' lang='lat' dir='ltr'>pectore</span> <span class='ocrx_word' id='word_1_35' title='bbox 1004 781 1075 826; x_wconf 84' lang='lat' dir='ltr'>sno</span> <span class='ocrx_word' id='word_1_36' title='bbox 1104 761 1146 824; x_wconf 88' lang='lat' dir='ltr'>ln</span> 
     </span>
     <span class='ocr_line' id='line_1_7' title="bbox 146 853 1144 947; baseline 0.003 -27"><span class='ocrx_word' id='word_1_37' title='bbox 146 865 373 942; x_wconf 83' lang='lat' dir='ltr'>conspectu</span> <span class='ocrx_word' id='word_1_38' title='bbox 394 853 560 922; x_wconf 89' lang='lat' dir='ltr'>Domini</span> <span class='ocrx_word' id='word_1_39' title='bbox 582 879 754 944; x_wconf 88' lang='lat' dir='ltr'>semper.</span> <span class='ocrx_word' id='word_1_40' title='bbox 769 859 796 939; x_wconf 85' lang='lat'>¹)</span> <span class='ocrx_word' id='word_1_41' title='bbox 828 856 1003 924; x_wconf 80' lang='lat' dir='ltr'><strong>Sacerdoti</strong></span> <span class='ocrx_word' id='word_1_42' title='bbox 1020 859 1144 947; x_wconf 84' lang='lat' dir='ltr'>qnippe</span> 
     </span>
     <span class='ocr_line' id='line_1_8' title="bbox 77 951 1145 1046; baseline 0.003 -27"><span class='ocrx_word' id='word_1_43' title='bbox 77 999 90 1019; x_wconf 62' lang='lat'><em>0</em></span> <span class='ocrx_word' id='word_1_44' title='bbox 141 951 306 1046; x_wconf 74' lang='lat' dir='ltr'>judicium</span> <span class='ocrx_word' id='word_1_45' title='bbox 335 953 475 1020; x_wconf 86' lang='lat' dir='ltr'>filiorum</span> <span class='ocrx_word' id='word_1_46' title='bbox 508 955 614 1020; x_wconf 88' lang='lat' dir='ltr'>Israel</span> <span class='ocrx_word' id='word_1_47' title='bbox 645 958 680 1020; x_wconf 89' lang='lat' dir='ltr'>in</span> <span class='ocrx_word' id='word_1_48' title='bbox 705 966 840 1043; x_wconf 77' lang='lat' dir='ltr'>pectore</span> <span class='ocrx_word' id='word_1_49' title='bbox 868 979 993 1024; x_wconf 86' lang='lat' dir='ltr'>eoram.</span> <span class='ocrx_word' id='word_1_50' title='bbox 1008 958 1145 1026; x_wconf 88' lang='lat' dir='ltr'>Domini</span> 
     </span>
    </p>
   </div>
   <div class='ocr_carea' id='block_1_3' title="bbox 133 1053 1145 3026">
    <p class='ocr_par' dir='ltr' id='par_1_3' title="bbox 133 1053 1145 3026">
     <span class='ocr_line' id='line_1_9' title="bbox 146 1053 1145 1146; baseline 0.004 -26"><span class='ocrx_word' id='word_1_51' title='bbox 146 1063 327 1142; x_wconf 83' lang='lat' dir='ltr'>conspectu</span> <span class='ocrx_word' id='word_1_52' title='bbox 350 1061 500 1136; x_wconf 86' lang='lat' dir='ltr'>gestare,</span> <span class='ocrx_word' id='word_1_53' title='bbox 524 1063 574 1120; x_wconf 85' lang='lat' dir='ltr'>est</span> <span class='ocrx_word' id='word_1_54' title='bbox 597 1053 824 1144; x_wconf 85' lang='lat' dir='ltr'>subjectorum</span> <span class='ocrx_word' id='word_1_55' title='bbox 845 1078 966 1124; x_wconf 80' lang='lat' dir='ltr'>causas</span> <span class='ocrx_word' id='word_1_56' title='bbox 988 1079 1051 1146; x_wconf 83' lang='lat' dir='ltr'>pro</span> <span class='ocrx_word' id='word_1_57' title='bbox 1073 1055 1145 1124; x_wconf 77' lang='lat' dir='ltr'>sola</span> 
     </span>
     <span class='ocr_line' id='line_1_10' title="bbox 145 1150 1145 1238; baseline 0.004 -22"><span class='ocrx_word' id='word_1_58' title='bbox 145 1153 269 1218; x_wconf 81' lang='lat' dir='ltr'>interni</span> <span class='ocrx_word' id='word_1_59' title='bbox 295 1150 424 1238; x_wconf 83' lang='lat' dir='ltr'>judicis</span> <span class='ocrx_word' id='word_1_60' title='bbox 452 1153 635 1219; x_wconf 87' lang='lat' dir='ltr'>intentione</span> <span class='ocrx_word' id='word_1_61' title='bbox 669 1155 852 1236; x_wconf 88' lang='lat' dir='ltr'>discutere,</span> <span class='ocrx_word' id='word_1_62' title='bbox 886 1167 923 1223; x_wconf 89' lang='lat' dir='ltr'>nt</span> <span class='ocrx_word' id='word_1_63' title='bbox 944 1157 1027 1224; x_wconf 86' lang='lat' dir='ltr'>nihil</span> <span class='ocrx_word' id='word_1_64' title='bbox 1056 1179 1091 1222; x_wconf 87' lang='lat' dir='ltr'>se</span> <span class='ocrx_word' id='word_1_65' title='bbox 1111 1157 1145 1220; x_wconf 88' lang='lat' dir='ltr'>ei</span> 
     </span>
     <span class='ocr_line' id='line_1_11' title="bbox 144 1250 1143 1343; baseline 0.004 -27"><span class='ocrx_word' id='word_1_66' title='bbox 144 1250 363 1318; x_wconf 84' lang='lat' dir='ltr'>humanitatis</span> <span class='ocrx_word' id='word_1_67' title='bbox 391 1251 573 1318; x_wconf 84' lang='lat' dir='ltr'>admisceat</span> <span class='ocrx_word' id='word_1_68' title='bbox 594 1254 631 1318; x_wconf 91' lang='lat' dir='ltr'>in</span> <span class='ocrx_word' id='word_1_69' title='bbox 651 1252 728 1337; x_wconf 88' lang='lat' dir='ltr'>hoc,</span> <span class='ocrx_word' id='word_1_70' title='bbox 763 1255 852 1342; x_wconf 81' lang='lat' dir='ltr'>quod</span> <span class='ocrx_word' id='word_1_71' title='bbox 878 1255 993 1322; x_wconf 87' lang='lat' dir='ltr'>divina</span> <span class='ocrx_word' id='word_1_72' title='bbox 1014 1255 1143 1343; x_wconf 83' lang='lat' dir='ltr'>positus</span> 
     </span>
     <span class='ocr_line' id='line_1_12' title="bbox 144 1351 1142 1442; baseline 0.007 -27"><span class='ocrx_word' id='word_1_73' title='bbox 144 1351 218 1416; x_wconf 85' lang='lat' dir='ltr'>viee</span> <span class='ocrx_word' id='word_1_74' title='bbox 241 1351 430 1436; x_wconf 86' lang='lat' dir='ltr'>dispensat,</span> <span class='ocrx_word' id='word_1_75' title='bbox 461 1375 504 1418; x_wconf 89' lang='lat' dir='ltr'>ne</span> <span class='ocrx_word' id='word_1_76' title='bbox 526 1354 748 1438; x_wconf 80' lang='lat' dir='ltr'>correptionis</span> <span class='ocrx_word' id='word_1_77' title='bbox 776 1353 886 1420; x_wconf 85' lang='lat' dir='ltr'>studia</span> <span class='ocrx_word' id='word_1_78' title='bbox 911 1357 1063 1442; x_wconf 86' lang='lat' dir='ltr'>privatus</span> <span class='ocrx_word' id='word_1_79' title='bbox 1086 1353 1142 1422; x_wconf 89' lang='lat' dir='ltr'>do·</span> 
     </span>
     <span class='ocr_line' id='line_1_13' title="bbox 143 1448 1142 1539; baseline 0.008 -27"><span class='ocrx_word' id='word_1_80' title='bbox 143 1448 194 1515; x_wconf 90' lang='lat' dir='ltr'>lor</span> <span class='ocrx_word' id='word_1_81' title='bbox 216 1461 403 1536; x_wconf 79' lang='lat' dir='ltr'>exasperet.</span> <span class='ocrx_word' id='word_1_82' title='bbox 446 1451 598 1539; x_wconf 73' lang='lat' dir='ltr'>Cumque</span> <span class='ocrx_word' id='word_1_83' title='bbox 620 1462 736 1518; x_wconf 82' lang='lat' dir='ltr'>contra</span> <span class='ocrx_word' id='word_1_84' title='bbox 757 1453 871 1519; x_wconf 81' lang='lat' dir='ltr'>aliena</span> <span class='ocrx_word' id='word_1_85' title='bbox 892 1456 973 1520; x_wconf 82' lang='lat' dir='ltr'>vitis</span> <span class='ocrx_word' id='word_1_86' title='bbox 999 1453 1142 1520; x_wconf 86' lang='lat' dir='ltr'>aemula-</span> 
     </span>
     <span class='ocr_line' id='line_1_14' title="bbox 143 1550 1141 1640; baseline 0.004 -25"><span class='ocrx_word' id='word_1_87' title='bbox 143 1557 197 1615; x_wconf 90' lang='lat' dir='ltr'>tor</span> <span class='ocrx_word' id='word_1_88' title='bbox 219 1550 418 1634; x_wconf 81' lang='lat' dir='ltr'>ostenditur,</span> <span class='ocrx_word' id='word_1_89' title='bbox 450 1573 537 1636; x_wconf 83' lang='lat' dir='ltr'>quae</span> <span class='ocrx_word' id='word_1_90' title='bbox 566 1573 628 1616; x_wconf 88' lang='lat' dir='ltr'>sua</span> <span class='ocrx_word' id='word_1_91' title='bbox 651 1563 728 1618; x_wconf 91' lang='lat' dir='ltr'>sunt</span> <span class='ocrx_word' id='word_1_92' title='bbox 750 1565 954 1640; x_wconf 81' lang='lat' dir='ltr'>exequatur,</span> <span class='ocrx_word' id='word_1_93' title='bbox 987 1575 1028 1618; x_wconf 90' lang='lat' dir='ltr'>ne</span> <span class='ocrx_word' id='word_1_94' title='bbox 1050 1564 1141 1619; x_wconf 85' lang='lat' dir='ltr'>tran·</span> 
     </span>
     <span class='ocr_line' id='line_1_15' title="bbox 146 1647 1143 1737; baseline 0.008 -25"><span class='ocrx_word' id='word_1_95' title='bbox 146 1647 350 1735; x_wconf 85' lang='lat' dir='ltr'>quillitatem</span> <span class='ocrx_word' id='word_1_96' title='bbox 373 1650 495 1737; x_wconf 87' lang='lat' dir='ltr'>judicii</span> <span class='ocrx_word' id='word_1_97' title='bbox 528 1659 587 1714; x_wconf 90' lang='lat' dir='ltr'>aut</span> <span class='ocrx_word' id='word_1_98' title='bbox 608 1649 717 1717; x_wconf 82' lang='lat' dir='ltr'>latens</span> <span class='ocrx_word' id='word_1_99' title='bbox 739 1651 866 1717; x_wconf 84' lang='lat' dir='ltr'>invidia</span> <span class='ocrx_word' id='word_1_100' title='bbox 887 1651 1049 1734; x_wconf 86' lang='lat' dir='ltr'>maculet,</span> <span class='ocrx_word' id='word_1_101' title='bbox 1083 1662 1143 1720; x_wconf 84' lang='lat' dir='ltr'>ent</span> 
     </span>
     <span class='ocr_line' id='line_1_16' title="bbox 144 1746 1140 1838; baseline 0.002 -25"><span class='ocrx_word' id='word_1_102' title='bbox 144 1768 308 1836; x_wconf 89' lang='lat' dir='ltr'>praeceps</span> <span class='ocrx_word' id='word_1_103' title='bbox 330 1751 381 1815; x_wconf 86' lang='lat' dir='ltr'>ira</span> <span class='ocrx_word' id='word_1_104' title='bbox 403 1748 587 1838; x_wconf 88' lang='lat' dir='ltr'>perturbet.</span> <span class='ocrx_word' id='word_1_105' title='bbox 633 1747 699 1814; x_wconf 85' lang='lat' dir='ltr'>Sed</span> <span class='ocrx_word' id='word_1_106' title='bbox 721 1748 799 1815; x_wconf 91' lang='lat' dir='ltr'>dum</span> <span class='ocrx_word' id='word_1_107' title='bbox 821 1746 1052 1816; x_wconf 85' lang='lat' dir='ltr'>consideratur</span> <span class='ocrx_word' id='word_1_108' title='bbox 1074 1761 1140 1815; x_wconf 87' lang='lat' dir='ltr'>ter·</span> 
     </span>
     <span class='ocr_line' id='line_1_17' title="bbox 144 1846 1142 1937; baseline 0 -24"><span class='ocrx_word' id='word_1_109' title='bbox 144 1871 201 1914; x_wconf 88' lang='lat' dir='ltr'>ror</span> <span class='ocrx_word' id='word_1_110' title='bbox 223 1851 314 1936; x_wconf 87' lang='lat' dir='ltr'>ejus,</span> <span class='ocrx_word' id='word_1_111' title='bbox 338 1849 397 1936; x_wconf 93' lang='lat' dir='ltr'>qui</span> <span class='ocrx_word' id='word_1_112' title='bbox 421 1871 521 1935; x_wconf 86' lang='lat' dir='ltr'>super</span> <span class='ocrx_word' id='word_1_113' title='bbox 542 1849 653 1914; x_wconf 83' lang='lat' dir='ltr'>omniu</span> <span class='ocrx_word' id='word_1_114' title='bbox 673 1848 863 1937; x_wconf 78' lang='lat' dir='ltr'>praesidet,</span> <span class='ocrx_word' id='word_1_115' title='bbox 886 1846 1038 1914; x_wconf 86' lang='lat' dir='ltr'>videlieet</span> <span class='ocrx_word' id='word_1_116' title='bbox 1054 1847 1142 1935; x_wconf 87' lang='lat' dir='ltr'>judi-</span> 
     </span>
     <span class='ocr_line' id='line_1_18' title="bbox 144 1947 1141 2033; baseline -0.001 -21"><span class='ocrx_word' id='word_1_117' title='bbox 144 1949 192 2013; x_wconf 86' lang='lat' dir='ltr'>cis</span> <span class='ocrx_word' id='word_1_118' title='bbox 213 1949 337 2030; x_wconf 87' lang='lat' dir='ltr'>intimi,</span> <span class='ocrx_word' id='word_1_119' title='bbox 360 1967 426 2014; x_wconf 90' lang='lat' dir='ltr'>non</span> <span class='ocrx_word' id='word_1_120' title='bbox 452 1948 523 2012; x_wconf 89' lang='lat' dir='ltr'>sine</span> <span class='ocrx_word' id='word_1_121' title='bbox 545 1967 666 2032; x_wconf 83' lang='lat' dir='ltr'>magno</span> <span class='ocrx_word' id='word_1_122' title='bbox 682 1958 844 2032; x_wconf 87' lang='lat' dir='ltr'>reguntur</span> <span class='ocrx_word' id='word_1_123' title='bbox 856 1949 972 2013; x_wconf 86' lang='lat' dir='ltr'>timore</span> <span class='ocrx_word' id='word_1_124' title='bbox 990 1947 1141 2033; x_wconf 85' lang='lat' dir='ltr'>subjecti.</span> 
     </span>
     <span class='ocr_line' id='line_1_19' title="bbox 144 2043 1140 2128; baseline -0.002 -16"><span class='ocrx_word' id='word_1_125' title='bbox 144 2045 213 2128; x_wconf 81' lang='lat' dir='ltr'>Qui</span> <span class='ocrx_word' id='word_1_126' title='bbox 242 2048 398 2112; x_wconf 86' lang='lat' dir='ltr'>nimirum</span> <span class='ocrx_word' id='word_1_127' title='bbox 427 2049 526 2114; x_wconf 88' lang='lat' dir='ltr'>timor</span> <span class='ocrx_word' id='word_1_128' title='bbox 549 2043 629 2112; x_wconf 91' lang='lat' dir='ltr'>dum</span> <span class='ocrx_word' id='word_1_129' title='bbox 649 2059 791 2114; x_wconf 88' lang='lat' dir='ltr'>mentem</span> <span class='ocrx_word' id='word_1_130' title='bbox 818 2049 953 2113; x_wconf 90' lang='lat' dir='ltr'>rectoris</span> <span class='ocrx_word' id='word_1_131' title='bbox 978 2043 1140 2128; x_wconf 85' lang='lat' dir='ltr'>humiliat,</span> 
     </span>
     <span class='ocr_line' id='line_1_20' title="bbox 142 2144 1145 2235; baseline 0 -25"><span class='ocrx_word' id='word_1_132' title='bbox 142 2155 281 2232; x_wconf 83' lang='lat' dir='ltr'>purgat,</span> <span class='ocrx_word' id='word_1_133' title='bbox 305 2169 346 2212; x_wconf 91' lang='lat' dir='ltr'>ne</span> <span class='ocrx_word' id='word_1_134' title='bbox 369 2145 457 2213; x_wconf 85' lang='lat' dir='ltr'>hane</span> <span class='ocrx_word' id='word_1_135' title='bbox 479 2155 539 2213; x_wconf 88' lang='lat' dir='ltr'>aut</span> <span class='ocrx_word' id='word_1_136' title='bbox 560 2148 765 2235; x_wconf 82' lang='lat' dir='ltr'>praesumtio</span> <span class='ocrx_word' id='word_1_137' title='bbox 790 2147 926 2231; x_wconf 85' lang='lat' dir='ltr'>spiritus</span> <span class='ocrx_word' id='word_1_138' title='bbox 955 2144 1060 2226; x_wconf 86' lang='lat' dir='ltr'>levet,</span> <span class='ocrx_word' id='word_1_139' title='bbox 1085 2153 1145 2211; x_wconf 83' lang='lat' dir='ltr'>ant</span> 
     </span>
     <span class='ocr_line' id='line_1_21' title="bbox 143 2245 1143 2333; baseline -0.002 -21"><span class='ocrx_word' id='word_1_140' title='bbox 143 2245 254 2312; x_wconf 86' lang='lat' dir='ltr'>carnis</span> <span class='ocrx_word' id='word_1_141' title='bbox 284 2246 461 2312; x_wconf 87' lang='lat' dir='ltr'>delectatio</span> <span class='ocrx_word' id='word_1_142' title='bbox 484 2249 656 2333; x_wconf 87' lang='lat' dir='ltr'>inquinet,</span> <span class='ocrx_word' id='word_1_143' title='bbox 691 2257 750 2311; x_wconf 86' lang='lat' dir='ltr'>aut</span> <span class='ocrx_word' id='word_1_144' title='bbox 780 2267 842 2330; x_wconf 89' lang='lat' dir='ltr'>per</span> <span class='ocrx_word' id='word_1_145' title='bbox 863 2254 1070 2310; x_wconf 85' lang='lat' dir='ltr'>terrenarum</span> <span class='ocrx_word' id='word_1_146' title='bbox 1091 2265 1143 2310; x_wconf 88' lang='lat' dir='ltr'>re-</span> 
     </span>
     <span class='ocr_line' id='line_1_22' title="bbox 140 2343 1144 2432; baseline 0 -22"><span class='ocrx_word' id='word_1_147' title='bbox 140 2350 217 2411; x_wconf 83' lang='lat' dir='ltr'>rnm</span> <span class='ocrx_word' id='word_1_148' title='bbox 239 2345 430 2432; x_wconf 88' lang='lat' dir='ltr'>cupidinem</span> <span class='ocrx_word' id='word_1_149' title='bbox 452 2345 687 2432; x_wconf 84' lang='lat' dir='ltr'>importunitas</span> <span class='ocrx_word' id='word_1_150' title='bbox 710 2343 893 2432; x_wconf 86' lang='lat' dir='ltr'>pulvereae</span> <span class='ocrx_word' id='word_1_151' title='bbox 915 2343 941 2428; x_wconf 66' lang='grc'>2)</span> <span class='ocrx_word' id='word_1_152' title='bbox 971 2345 1144 2429; x_wconf 86' lang='lat' dir='ltr'>cogitatio·</span> 
     </span>
     <span class='ocr_line' id='line_1_23' title="bbox 133 2442 1143 2531; baseline 0 -21"><span class='ocrx_word' id='word_1_153' title='bbox 133 2447 195 2511; x_wconf 86' lang='lat' dir='ltr'>&#39;nis</span> <span class='ocrx_word' id='word_1_154' title='bbox 217 2442 392 2512; x_wconf 87' lang='lat' dir='ltr'>obscuret:</span> <span class='ocrx_word' id='word_1_155' title='bbox 422 2467 509 2531; x_wconf 86' lang='lat' dir='ltr'>qnae</span> <span class='ocrx_word' id='word_1_156' title='bbox 531 2450 644 2509; x_wconf 83' lang='lat' dir='ltr'>tamen</span> <span class='ocrx_word' id='word_1_157' title='bbox 666 2466 732 2510; x_wconf 89' lang='lat' dir='ltr'>noa</span> <span class='ocrx_word' id='word_1_158' title='bbox 754 2443 892 2531; x_wconf 84' lang='lat' dir='ltr'>pulsare</span> <span class='ocrx_word' id='word_1_159' title='bbox 910 2444 1049 2510; x_wconf 86' lang='lat' dir='ltr'>rectoris</span> <span class='ocrx_word' id='word_1_160' title='bbox 1071 2445 1143 2510; x_wconf 87' lang='lat' dir='ltr'>eni·</span> 
     </span>
     <span class='ocr_line' id='line_1_24' title="bbox 142 2540 1143 2631; baseline -0.002 -21"><span class='ocrx_word' id='word_1_161' title='bbox 142 2567 231 2610; x_wconf 90' lang='lat' dir='ltr'>mum</span> <span class='ocrx_word' id='word_1_162' title='bbox 260 2552 450 2631; x_wconf 81' lang='lat' dir='ltr'>nequeunt3</span> <span class='ocrx_word' id='word_1_163' title='bbox 483 2540 543 2608; x_wconf 85' lang='lat' dir='ltr'>sed</span> <span class='ocrx_word' id='word_1_164' title='bbox 572 2543 734 2608; x_wconf 85' lang='lat' dir='ltr'>festinare</span> <span class='ocrx_word' id='word_1_165' title='bbox 763 2564 900 2608; x_wconf 86' lang='lat' dir='ltr'>necesse</span> <span class='ocrx_word' id='word_1_166' title='bbox 930 2549 999 2625; x_wconf 86' lang='lat' dir='ltr'>est,</span> <span class='ocrx_word' id='word_1_167' title='bbox 1031 2551 1070 2607; x_wconf 90' lang='lat' dir='ltr'>ut</span> <span class='ocrx_word' id='word_1_168' title='bbox 1090 2563 1143 2608; x_wconf 85' lang='lat' dir='ltr'>re·</span> 
     </span>
     <span class='ocr_line' id='line_1_25' title="bbox 143 2641 1143 2733; baseline -0.006 -23"><span class='ocrx_word' id='word_1_169' title='bbox 143 2644 351 2733; x_wconf 84' lang='lat' dir='ltr'>pugnatione</span> <span class='ocrx_word' id='word_1_170' title='bbox 373 2645 568 2725; x_wconf 82' lang='lat' dir='ltr'>vincantnr3</span> <span class='ocrx_word' id='word_1_171' title='bbox 598 2663 641 2708; x_wconf 89' lang='lat' dir='ltr'>ne</span> <span class='ocrx_word' id='word_1_172' title='bbox 663 2645 799 2726; x_wconf 83' lang='lat' dir='ltr'>vitium,</span> <span class='ocrx_word' id='word_1_173' title='bbox 828 2641 916 2730; x_wconf 87' lang='lat' dir='ltr'>quod</span> <span class='ocrx_word' id='word_1_174' title='bbox 938 2662 998 2728; x_wconf 88' lang='lat' dir='ltr'>per</span> <span class='ocrx_word' id='word_1_175' title='bbox 1021 2659 1143 2727; x_wconf 82' lang='lat' dir='ltr'>sugge-</span> 
     </span>
     <span class='ocr_line' id='line_1_26' title="bbox 143 2739 1143 2827; baseline -0.006 -17"><span class='ocrx_word' id='word_1_176' title='bbox 143 2747 284 2811; x_wconf 85' lang='lat' dir='ltr'>stionem</span> <span class='ocrx_word' id='word_1_177' title='bbox 306 2751 431 2827; x_wconf 89' lang='lat' dir='ltr'>tentat,</span> <span class='ocrx_word' id='word_1_178' title='bbox 458 2741 598 2807; x_wconf 88' lang='lat' dir='ltr'>mollitie</span> <span class='ocrx_word' id='word_1_179' title='bbox 624 2739 857 2809; x_wconf 85' lang='lat' dir='ltr'>delectationis</span> <span class='ocrx_word' id='word_1_180' title='bbox 879 2740 1030 2827; x_wconf 82' lang='lat' dir='ltr'>subigat3</span> <span class='ocrx_word' id='word_1_181' title='bbox 1053 2761 1143 2805; x_wconf 83' lang='lat' dir='ltr'>onm-</span> 
     </span>
     <span class='ocr_line' id='line_1_27' title="bbox 144 2839 1142 2930; baseline -0.005 -21"><span class='ocrx_word' id='word_1_182' title='bbox 144 2863 210 2930; x_wconf 89' lang='lat' dir='ltr'>que</span> <span class='ocrx_word' id='word_1_183' title='bbox 231 2842 316 2911; x_wconf 85' lang='lat' dir='ltr'>haec</span> <span class='ocrx_word' id='word_1_184' title='bbox 338 2841 382 2906; x_wconf 87' lang='lat' dir='ltr'>ab</span> <span class='ocrx_word' id='word_1_185' title='bbox 406 2843 519 2908; x_wconf 87' lang='lat' dir='ltr'>animo</span> <span class='ocrx_word' id='word_1_186' title='bbox 539 2839 635 2906; x_wconf 84' lang='lat' dir='ltr'>tarde</span> <span class='ocrx_word' id='word_1_187' title='bbox 657 2841 850 2929; x_wconf 83' lang='lat' dir='ltr'>repellitur,</span> <span class='ocrx_word' id='word_1_188' title='bbox 879 2859 1037 2906; x_wconf 82' lang='lat' dir='ltr'>mucrone</span> <span class='ocrx_word' id='word_1_189' title='bbox 1067 2859 1142 2904; x_wconf 87' lang='lat' dir='ltr'>oon-</span> 
     </span>
     <span class='ocr_line' id='line_1_28' title="bbox 133 2935 473 3026; baseline -0.006 -19"><span class='ocrx_word' id='word_1_190' title='bbox 133 2953 265 3009; x_wconf 69' lang='lat' dir='ltr'>&#39;sensns</span> <span class='ocrx_word' id='word_1_191' title='bbox 286 2941 425 3008; x_wconf 82' lang='lat' dir='ltr'>occidat.</span> <span class='ocrx_word' id='word_1_192' title='bbox 446 2935 473 3026; x_wconf 69' lang='grc'>3)</span> 
     </span>
    </p>
   </div>
   <div class='ocr_carea' id='block_1_4' title="bbox 130 3139 1145 3718">
    <p class='ocr_par' dir='ltr' id='par_1_4' title="bbox 130 3139 1144 3384">
     <span class='ocr_line' id='line_1_29' title="bbox 130 3139 1142 3208; baseline -0.002 -14"><span class='ocrx_word' id='word_1_193' title='bbox 130 3157 139 3164; x_wconf 92' lang='grc'><em>·</em></span> <span class='ocrx_word' id='word_1_194' title='bbox 180 3142 200 3207; x_wconf 81' lang='lat'>¹)</span> <span class='ocrx_word' id='word_1_195' title='bbox 224 3141 308 3194; x_wconf 78' lang='lat' dir='ltr'>Exci.</span> <span class='ocrx_word' id='word_1_196' title='bbox 326 3139 376 3208; x_wconf 78' lang='lat'>28,</span> <span class='ocrx_word' id='word_1_197' title='bbox 394 3141 437 3198; x_wconf 80' lang='grc'>30.</span> <span class='ocrx_word' id='word_1_198' title='bbox 461 3169 494 3181; x_wconf 63' lang='lat'>0-</span> <span class='ocrx_word' id='word_1_199' title='bbox 523 3139 612 3196; x_wconf 79' lang='lat' dir='ltr'>Sermo</span> <span class='ocrx_word' id='word_1_200' title='bbox 630 3141 741 3194; x_wconf 74' lang='lat' dir='ltr'>hieest&#39;</span> <span class='ocrx_word' id='word_1_201' title='bbox 758 3142 791 3192; x_wconf 75' lang='lat' dir='ltr'>ee</span> <span class='ocrx_word' id='word_1_202' title='bbox 814 3139 922 3194; x_wconf 72' lang='lat' dir='ltr'>voeibm</span> <span class='ocrx_word' id='word_1_203' title='bbox 939 3141 1006 3192; x_wconf 74' lang='lat' dir='ltr'>urin</span> <span class='ocrx_word' id='word_1_204' title='bbox 1025 3146 1050 3193; x_wconf 85' lang='lat' dir='ltr'>st</span> <span class='ocrx_word' id='word_1_205' title='bbox 1069 3144 1142 3192; x_wconf 66' lang='lat' dir='ltr'>maa-</span> 
     </span>
     <span class='ocr_line' id='line_1_30' title="bbox 147 3223 1143 3296; baseline -0.001 -16"><span class='ocrx_word' id='word_1_206' title='bbox 147 3243 164 3280; x_wconf 88' lang='lat' dir='ltr'>t</span> <span class='ocrx_word' id='word_1_207' title='bbox 200 3227 292 3280; x_wconf 76' lang='lat' dir='ltr'>nim</span> <span class='ocrx_word' id='word_1_208' title='bbox 308 3226 442 3296; x_wconf 72' lang='lat' dir='ltr'>inscriptis</span> <span class='ocrx_word' id='word_1_209' title='bbox 460 3228 514 3296; x_wconf 84' lang='lat' dir='ltr'>ipsi</span> <span class='ocrx_word' id='word_1_210' title='bbox 532 3226 658 3283; x_wconf 65' lang='lat' dir='ltr'>rationali</span> <span class='ocrx_word' id='word_1_211' title='bbox 673 3226 704 3280; x_wconf 85' lang='lat' dir='ltr'>ir</span> <span class='ocrx_word' id='word_1_212' title='bbox 724 3223 811 3280; x_wconf 77' lang='lat' dir='ltr'>nette</span> <span class='ocrx_word' id='word_1_213' title='bbox 823 3239 1002 3292; x_wconf 67' lang='lat' dir='ltr'>gemtum</span> <span class='ocrx_word' id='word_1_214' title='bbox 998 3233 1035 3280; x_wconf 88' lang='lat' dir='ltr'>et</span> <span class='ocrx_word' id='word_1_215' title='bbox 1052 3226 1143 3293; x_wconf 66' lang='lat' dir='ltr'>‹terin-</span> 
     </span>
     <span class='ocr_line' id='line_1_31' title="bbox 150 3310 1144 3384; baseline -0.004 -14"><span class='ocrx_word' id='word_1_216' title='bbox 150 3345 152 3350; x_wconf 95' lang='lat'>·</span> <span class='ocrx_word' id='word_1_217' title='bbox 181 3365 185 3376; x_wconf 82' lang='lat'>,</span> <span class='ocrx_word' id='word_1_218' title='bbox 228 3317 296 3374; x_wconf 78' lang='lat' dir='ltr'>nant</span> <span class='ocrx_word' id='word_1_219' title='bbox 311 3312 410 3369; x_wconf 70' lang='lat' dir='ltr'>turam</span> <span class='ocrx_word' id='word_1_220' title='bbox 427 3314 574 3376; x_wconf 74' lang='lat' dir='ltr'>doctrinan</span> <span class='ocrx_word' id='word_1_221' title='bbox 589 3319 613 3370; x_wconf 87' lang='lat' dir='ltr'>et</span> <span class='ocrx_word' id='word_1_222' title='bbox 627 3310 771 3384; x_wconf 75' lang='lat' dir='ltr'>perlectam</span> <span class='ocrx_word' id='word_1_223' title='bbox 788 3311 923 3369; x_wconf 67' lang='lat' dir='ltr'>certunm</span> <span class='ocrx_word' id='word_1_224' title='bbox 940 3311 1106 3380; x_wconf 64' lang='lat' dir='ltr'>dubiorum,</span> <span class='ocrx_word' id='word_1_225' title='bbox 1111 3311 1144 3366; x_wconf 78' lang='lat' dir='ltr'>de</span> 
     </span>
    </p>

    <p class='ocr_par' dir='ltr' id='par_1_5' title="bbox 172 3391 1145 3646">
     <span class='ocr_line' id='line_1_32' title="bbox 172 3391 1144 3479; baseline -0.001 -28"><span class='ocrx_word' id='word_1_226' title='bbox 172 3443 188 3469; x_wconf 28' lang='lat'>¹„</span> <span class='ocrx_word' id='word_1_227' title='bbox 207 3464 211 3474; x_wconf 32' lang='grc' dir='ltr'><strong><em>Ι</em></strong></span> <span class='ocrx_word' id='word_1_228' title='bbox 229 3398 327 3468; x_wconf 84' lang='lat' dir='ltr'>quibus</span> <span class='ocrx_word' id='word_1_229' title='bbox 347 3397 466 3472; x_wconf 80' lang='lat' dir='ltr'>pontifex</span> <span class='ocrx_word' id='word_1_230' title='bbox 482 3391 668 3455; x_wconf 81' lang='lat' dir='ltr'>consulebatur</span> <span class='ocrx_word' id='word_1_231' title='bbox 675 3397 869 3479; x_wconf 70' lang='lat' dir='ltr'>accipiendam.</span> <span class='ocrx_word' id='word_1_232' title='bbox 895 3397 1065 3468; x_wconf 79' lang='lat' dir='ltr'>Tropologice</span> <span class='ocrx_word' id='word_1_233' title='bbox 1082 3410 1144 3467; x_wconf 72' lang='lat' dir='ltr'>roro</span> 
     </span>
     <span class='ocr_line' id='line_1_33' title="bbox 184 3474 1145 3555; baseline -0.002 -19"><span class='ocrx_word' id='word_1_234' title='bbox 184 3474 189 3498; x_wconf 88' lang='lat'>¹</span> <span class='ocrx_word' id='word_1_235' title='bbox 230 3485 367 3552; x_wconf 79' lang='lat' dir='ltr'>designant</span> <span class='ocrx_word' id='word_1_236' title='bbox 399 3485 427 3538; x_wconf 87' lang='lat' dir='ltr'>in</span> <span class='ocrx_word' id='word_1_237' title='bbox 449 3483 570 3555; x_wconf 86' lang='lat' dir='ltr'>pontifice</span> <span class='ocrx_word' id='word_1_238' title='bbox 598 3484 707 3553; x_wconf 86' lang='lat' dir='ltr'>reperiri</span> <span class='ocrx_word' id='word_1_239' title='bbox 734 3481 826 3536; x_wconf 85' lang='lat' dir='ltr'>debere</span> <span class='ocrx_word' id='word_1_240' title='bbox 850 3483 991 3536; x_wconf 75' lang='lat' dir='ltr'>doctnaam</span> <span class='ocrx_word' id='word_1_241' title='bbox 1019 3481 1087 3550; x_wconf 84' lang='lat' dir='ltr'>legis</span> <span class='ocrx_word' id='word_1_242' title='bbox 1118 3488 1145 3536; x_wconf 87' lang='lat' dir='ltr'>et</span> 
     </span>
     <span class='ocr_line' id='line_1_34' title="bbox 220 3564 1143 3676; baseline 0.002 -53"><span class='ocrx_word' id='word_1_243' title='bbox 220 3571 364 3646; x_wconf 42' lang='lat' dir='ltr'>&#39;ventilem</span> <span class='ocrx_word' id='word_1_244' title='bbox 381 3571 452 3627; x_wconf 83' lang='lat' dir='ltr'>vitae</span> <span class='ocrx_word' id='word_1_245' title='bbox 469 3585 518 3625; x_wconf 86' lang='lat' dir='ltr'>seu</span> <span class='ocrx_word' id='word_1_246' title='bbox 528 3584 634 3653; x_wconf 78' lang='lat' dir='ltr'>mptum</span> <span class='ocrx_word' id='word_1_247' title='bbox 652 3568 873 3656; x_wconf 65' lang='lat' dir='ltr'>emptitium-</span> <span class='ocrx_word' id='word_1_248' title='bbox 857 3565 920 3676; x_wconf 31' lang='lat'>3¹)</span> <span class='ocrx_word' id='word_1_249' title='bbox 936 3564 1000 3622; x_wconf 84' lang='lat' dir='ltr'>Alit.</span> <span class='ocrx_word' id='word_1_250' title='bbox 1019 3567 1143 3636; x_wconf 76' lang='lat' dir='ltr'>pollutae</span> 
     </span>
    </p>

    <p class='ocr_par' dir='ltr' id='par_1_6' title="bbox 136 3631 844 3718">
     <span class='ocr_line' id='line_1_35' title="bbox 136 3631 844 3718; baseline -0.005 -8"><span class='ocrx_word' id='word_1_251' title='bbox 136 3643 165 3673; x_wconf 80' lang='lat'>&#39;&#39;&#39;</span> <span class='ocrx_word' id='word_1_252' title='bbox 198 3644 201 3672; x_wconf 80' lang='lat'>⁵</span> <span class='ocrx_word' id='word_1_253' title='bbox 219 3652 252 3718; x_wconf 84' lang='lat'>&#39;³)</span> <span class='ocrx_word' id='word_1_254' title='bbox 271 3654 337 3711; x_wconf 78' lang='lat' dir='ltr'>alit.</span> <span class='ocrx_word' id='word_1_255' title='bbox 355 3651 445 3714; x_wconf 80' lang='lat' dir='ltr'>verior</span> <span class='ocrx_word' id='word_1_256' title='bbox 462 3671 495 3711; x_wconf 88' lang='lat' dir='ltr'>ne</span> <span class='ocrx_word' id='word_1_257' title='bbox 512 3631 660 3712; x_wconf 63' lang='lat' dir='ltr'>einim</span> <span class='ocrx_word' id='word_1_258' title='bbox 665 3639 844 3709; x_wconf 50' lang='lat' dir='ltr'>incunt*</span> 
     </span>
    </p>
   </div>
   <div class='ocr_carea' id='block_1_5' title="bbox 0 0 1282 4150">
    <p class='ocr_par' dir='ltr' id='par_1_7' title="bbox 0 0 1282 4150">
     <span class='ocr_line' id='line_1_36' title="bbox 0 0 1282 4150; baseline 0 0"><span class='ocrx_word' id='word_1_259' title='bbox 0 0 1282 4150; x_wconf 95' lang='lat' dir='ltr'> </span> 
     </span>
    </p>
   </div>
  </div>
 </body>
</html>
