2556 4150
515 231 555 247 -
585 165 639 262 ‘rs
681 233 721 245 -

106 363 224 446 enim,
253 359 344 449 quod
371 370 494 426 metum
523 359 588 428 sibi
609 381 806 448 aperueras
828 360 1022 430 virentibus
1037 363 1112 429 exl-

103 469 220 548 ‘gunt,
244 461 342 548 qussi
362 483 431 526 non
451 459 662 542 hominibus,
694 459 754 527 sed
785 459 987 541 animalibus
1008 461 1111 530 domi

111 569 257 643 nentur,
288 559 367 648 quie
389 559 547 626 videlicet
580 581 624 625 ex
646 581 713 648 qua
733 573 830 646 parte
852 561 1010 656 bestiales
1032 571 1111 628 suut

113 655 253 741 subditi,
277 683 320 726 ex
330 681 370 724 ee
381 659 614 727 debentetiam
632 658 804 725 formidini
809 661 926 748 jacere
942 661 1111 728 substrati

177 757 243 824 Sed
264 758 461 844 plerumque
485 769 592 824 rector
614 781 653 823 eo
666 758 753 846 ipso,
776 776 842 844 quo
863 761 986 825 ceteris
1007 781 1107 846 prae·

111 859 247 939 eminet,
270 857 413 926 elatione
435 858 645 942 cogitationis
675 859 881 938 intumescit,
911 869 944 923 et
966 857 1043 925 dum
1065 860 1110 927 ad

101 957 210 1022 'usum
243 967 364 1022 cuncta
396 955 589 1040 subjacent,
619 957 696 1022 dum
731 955 775 1022 ad
803 966 914 1022 votum
947 958 1110 1024 velociter

107 1057 208 1144 jussa
230 1052 460 1141 complentur,
482 1055 558 1120 dum
580 1077 693 1122 omnes
716 1055 859 1138 subditi,
885 1059 914 1121 si
936 1077 1002 1146 qua
1024 1057 1110 1125 bene

112 1161 210 1239 gesta
241 1163 336 1236 sunt,
365 1153 526 1220 laudibus
556 1153 715 1237 efferunt,
746 1155 830 1221 male
861 1159 966 1241 gestis
999 1165 1111 1224 autem

111 1253 209 1318 nulla
230 1256 428 1322 auctoritate
450 1255 694 1338 contradicunt,
716 1256 793 1320 dum
815 1255 1011 1344 plerumque
1034 1257 1110 1322 leu-

113 1349 196 1417 dant
217 1354 327 1436 etiam,
352 1355 441 1440 quod
461 1354 644 1442 reprobare
666 1351 865 1436 debuerant,
890 1357 1045 1421 seductus
1067 1353 1111 1420 ab

113 1447 179 1531 his,
203 1473 289 1539 quae
309 1451 400 1519 infra
424 1464 616 1541 suppetunt,
641 1476 742 1541 super
766 1477 801 1518 se
824 1455 954 1520 animus
977 1453 1108 1520 extolli·

112 1561 180 1634 tur3
203 1562 236 1616 et
256 1551 333 1616 dum
355 1551 435 1618 foris
453 1556 610 1619 immenso
631 1554 748 1620 favore
764 1555 995 1635 circumdatur,
1020 1555 1110 1618 intus

111 1651 251 1716 veritate
285 1665 467 1732 vacuatur,
503 1663 604 1740 atque
631 1653 756 1719 oblitus
783 1655 849 1735 sui,
884 1657 919 1718 in
946 1675 1046 1718 voces
1075 1665 1111 1716 se

111 1751 242 1836 spargit
263 1749 410 1832 alienas,
433 1753 602 1840 talemque
626 1777 661 1818 se
679 1753 795 1836 credit,
818 1752 948 1840 qualem
972 1775 1005 1816 se
1028 1751 1109 1816 foris

111 1848 218 1930 audit,
240 1871 307 1913 non
329 1849 459 1935 qualem
483 1851 574 1916 intus
590 1851 780 1918 discernere
799 1852 922 1917 debuit.
967 1850 1108 1937 Subjec·

114 1961 167 2012 tos
190 1948 347 2033 despicit,
370 1971 494 2037 eosque
517 1951 679 2036 aequales
703 1951 767 2015 sibi
787 1963 928 2016 naturae
949 1948 1066 2016 ordine
1080 1946 1106 2035 ²)

114 2067 183 2111 non
211 2046 378 2130 agnoscit,
411 2059 443 2115 et
472 2069 554 2134 qnos
592 2061 679 2115 sorte
711 2051 887 2136 potestatis
917 2049 1108 2131 excesserit,

114 2143 362 2211 transcendisse
385 2171 420 2212 se
443 2150 544 2214 etiam
566 2149 654 2214 vitae
676 2151 802 2216 meritis
814 2150 926 2214 credit.
970 2146 1109 2213 Cunctis

116 2265 151 2309 se
174 2245 329 2311 aestimat
343 2245 488 2333 amplius
504 2271 635 2336 sapere,
659 2246 782 2337 quibus
805 2271 839 2313 se
855 2247 948 2312 videt
969 2246 1118 2333 amplius
1188 2253 1191 2259 '

114 2344 265 2432 posse.²)
308 2345 350 2410 In
380 2345 522 2433 quodam
553 2349 677 2436 quippe
707 2369 742 2412 ee
765 2349 936 2413 constituit
967 2345 1110 2411 culmine

116 2443 207 2529 apud
231 2447 453 2532 semetipsum,
476 2457 508 2512 et
530 2450 588 2532 qui
603 2448 844 2535 aequaceteris
868 2457 1008 2512 naturae
1031 2466 1108 2510 con·

116 2541 240 2609 ditione
273 2547 531 2630 constringitur,
568 2569 610 2611 ex
645 2568 752 2632 aequo
788 2548 952 2634 respicere
982 2553 1111 2613 ceteros

115 2642 334 2729 dedignatur:
356 2646 473 2731 sicque
494 2667 601 2732 usque
623 2645 667 2711 ad
689 2648 763 2732 ejus
778 2644 1028 2712 similitudinem
1050 2647 1112 2715 du·

113 2743 218 2823 citur,
247 2742 288 2808 de
319 2763 385 2829 quo
408 2746 657 2832 scriptumest:
686 2743 819 2810 Omne
842 2745 1028 2812 sublime
1047 2745 1110 2809 vi·

114 2840 206 2922 det,
230 2843 384 2932 etipse
407 2854 561 2911 estrex
584 2844 1112 2933 superuniversoslilios

113 2934 362 3024 superbias.
376 2941 403 3030 i)
447 2943 515 3025 Qui
538 2944 705 3030 singulare
728 2943 859 3010 culmen
882 2954 1055 3032 appetens,
1080 2954 1113 3010 et

108 3119 164 3219 ῤ’)
181 3127 245 3182 Alit.
264 3133 372 3200 origine.
393 3165 422 3174 -
443 3136 465 3204 ²)
482 3135 592 3188 Plenius
610 3149 739 3188 moresne
757 3141 782 3188 et
798 3135 914 3204 apertius
922 3131 948 3188 S'.
956 3135 1107 3203 Hieronym.

178 3218 1109 3374 :Saltulllzllllstllltltltt‘tlld

123 3457 126 3460 ,
180 3393 212 3441 nt
229 3389 336 3459 stipsis
353 3405 371 3443 a
389 3390 506 3459 clericis,
525 3393 603 3460 qnasi
620 3391 757 3460 Episcopls
775 3393 857 3444 honor
875 3390 1012 3470 deferatur.
1048 3388 1110 3443 Sei·

123 3539 127 3547 ¹
182 3479 236 3527 tum
253 3475 319 3530 sslutl
336 3483 376 3532 est
393 3475 511 3530 oratoris
530 3476 646 3530 Domitii.
682 3477 750 3530 cur
771 3489 834 3544 ego
858 3482 904 3541 ts,
926 3475 1021 3544 inquit,
1049 3477 1109 3529 trs·

107 3542 134 3638 ᾗ
164 3545 280 3640 ἰδοὶω
301 3559 580 3631 utrrtnclpom,
601 3567 741 3615 rnm'tu
764 3575 902 3635 melnen
921 3560 1058 3614 hnbtss
1077 3566 1111 3614 ut

138 3636 417 3704 ‘''Stna'tor'eml‘l
434 3676 464 3686 -
485 3642 581 3716 tros.
598 3644 640 3715 tt,
657 3647 701 3706 ts.
