2556 4150
544 126 746 190 „oo-

150 314 246 357 sunm
266 310 325 406 pro
339 291 515 376 semetipso
538 311 605 356 non
620 310 793 376 quaerere,
817 314 859 358 ne
881 294 1077 360 inveniatur
1097 297 1153 378 ei,

147 391 202 456 cui
222 390 350 456 aervirc
371 387 589 476 perofficium
604 391 764 471 cernitur,
786 389 916 458 occulta
928 392 1162 476 cogitationis

146 485 326 604 tyrannide
353 487 526 554 resultare.
579 486 677 567 Quod
708 486 794 554 bene
823 489 951 556 Paulus
980 491 1142 576 insinuat,

147 607 221 652 cnm
244 587 296 651 sui
317 587 414 653 nobis
436 587 538 653 studu
548 585 680 652 occulta
699 587 901 672 manifestat,
925 589 1058 656 dicenet
1082 589 1141 656 Si-

145 695 216 752 out
237 694 276 751 et
293 707 369 771 ego
391 706 464 774 per
487 687 622 752 omnia
645 686 832 752 omnibus
854 687 1009 774 placeo.
1022 687 1048 773 ¹)
1073 688 1142 770 Qui

145 794 259 850 tamen
280 806 396 850 rursus
418 784 513 850 dicit:
545 783 588 850 Si
610 782 747 850 adhuc
768 784 1030 860 ¹hominibus
1052 787 1140 875 pla·

146 905 300 966 cerem,
331 883 493 949 Christi
516 906 669 951 servus
693 907 769 950 uon
795 906 936 950 essem.
950 886 976 964 2)
1021 886 1152 952 Placet·

146 1003 224 1066 ergo
246 981 393 1064 Paulus,
417 992 450 1047 et
470 1006 535 1050 non
557 983 685 1071 placet3
715 986 796 1071 quia
817 985 852 1048 iu
874 1006 931 1068 eo,
956 983 1045 1072 quod
1066 985 1141 1072 pla·

146 1102 222 1172 cere
245 1083 384 1168 appetit,
406 1103 473 1148 non
496 1105 530 1146 se
543 1130 553 1164 ,
578 1081 637 1148 sed
658 1103 720 1167 per
743 1105 778 1147 se
800 1082 988 1150 hominibus
1008 1083 1141 1171 placere

145 1180 320 1246 veritatem
343 1181 482 1264 quaerit.

473 1343 710 1411 CAPUT
752 1345 813 1408 IX.

146 1478 242 1546 Quod
261 1477 357 1530 sciro
375 1477 531 1530 sollicite
556 1482 673 1530 rector
691 1478 809 1546 debet,
833 1481 919 1547 quia
936 1482 1141 1550 plerumque

301 1562 392 1615 vitia
414 1563 564 1614 virtutes
590 1575 626 1614 se
650 1577 724 1616 esee
748 1565 982 1618 mentiuntur.

209 1697 301 1764 Soire
324 1700 425 1764 etiam
446 1706 555 1766 rector
577 1697 696 1780 debet,
726 1699 815 1786 qnod
837 1698 1036 1786 plerumque
1058 1703 1144 1768 vitia

144 1801 283 1865 virtutes
313 1820 348 1862 ae
378 1818 450 1862 esre
479 1797 695 1864 mentiuntur.
739 1797 824 1862 Nam
855 1818 956 1885 saepe
979 1796 1040 1862 sub
1063 1819 1143 1885 par-

144 1898 306 1966 cimoniae
336 1897 469 1963 nomine
503 1918 538 1961 se
566 1897 700 1961 tenacia
726 1895 862 1984 palliat,
889 1906 1074 1982 contraque
1106 1918 1143 1962 ue

145 1995 261 2061 effusio
285 1993 347 2060 sub
374 1993 602 2081 appellatione
631 1993 800 2078 largitatis
828 1993 983 2062 occultat
1032 1993 1143 2082 Saepe

144 2093 335 2161 inordinata
356 2095 508 2160 remissio
530 2093 639 2180 pietas
661 2094 822 2174 creditur,
835 2088 881 2158 'et
902 2092 1067 2160 effrenata
1089 2094 1139 2158 ira

145 2195 307 2282 apiritalis
329 2192 397 2258 zeli
416 2195 521 2258 virtus
544 2192 747 2258 aestimatur.
787 2190 895 2278 Saepe
919 2194 1140 2281 praecipitata

143 2297 232 2360 actio
255 2293 443 2360 velocitatis
458 2291 618 2372 efficacia,
643 2300 745 2375 atque
759 2289 884 2375 agendi
898 2291 1039 2358 tarditas
1061 2314 1138 2376 gra·

143 2393 258 2458 vitatis
270 2389 446 2458 eonsilium
465 2398 614 2472 putatur.
656 2387 758 2454 Unde
774 2409 911 2457 necesse
934 2401 995 2475 eat,
1018 2401 1057 2458 ut
1067 2411 1139 2456 rec·

143 2501 196 2557 tor
227 2492 412 2557 animarum
434 2489 577 2554 virtutes
606 2509 646 2551 ac
676 2488 759 2554 vitia
788 2487 942 2574 vigilanti
971 2513 1050 2556 cura
1072 2488 1141 2555 dis·

143 2597 277 2669 cernat,
306 2607 349 2653 ne
378 2595 437 2652 aut
465 2606 522 2651 cor
547 2587 683 2652 tenacia
713 2598 865 2674 occupet,
887 2590 926 2653 et'
942 2611 1081 2678 parcum
1103 2610 1139 2654 ec

143 2688 291 2755 videri
281 2709 317 2754 un
343 2685 518 2773 dispensat
504 2684 650 2753 tionibus
672 2686 816 2770 exultet3
845 2697 904 2754 aut
929 2711 1005 2754 cunr
1036 2688 1139 2754 effuse

145 2787 227 2875 quid
249 2785 416 2875 perditur,
434 2784 461 2869 )
482 2785 616 2870 largum
639 2807 674 2852 ae
697 2787 996 2873 quaaimirerando
1018 2788 1140 2874 glorie·

143 2897 214 2968 tur3
238 2897 297 2953 aut
318 2883 527 2968 remittendo,
554 2884 644 2971 quod
664 2885 765 2952 ferire
787 2884 914 2970 debuit,
937 2874 981 2953 ad
1001 2896 1139 2954 aeterna

144 2985 309 3073 supplicia
332 2981 689 3068 subditoapertrahat3
710 3008 754 3051 au
756 2985 972 3051 timmaniter
992 2983 1140 3053 feriendo

145 3085 234 3172 quod
254 3084 479 3168 delinquitur,
509 3084 582 3171 ipse
604 3084 741 3169 gravius
764 3082 956 3170 delinquat3
985 3093 1044 3152 aut
1066 3084 1139 3165 hoc,
1167 3161 1173 3172 Ι

144 3182 233 3272 quod
254 3185 311 3268 agi
329 3191 420 3250 recte
442 3203 483 3249 ao
508 3183 659 3268 graviter
689 3184 813 3268 potuit,
844 3185 1017 3250 immature
1041 3205 1140 3271 prac-

143 3285 282 3352 venien·
303 3282 468 3367 laevigct3
496 3291 557 3350 aut
576 3282 684 3350 bonae
699 3282 847 3350 ,actionis
868 3281 1022 3348 meritum
1045 3280 1139 3347 diffc-

143 3384 247 3449 rendo
268 3380 313 3448 ad
336 3379 503 3450 deteriora
524 3389 699 3470 permutat.

181 3578 208 3640 ‘l'
220 3576 245 3630 t·
263 3578 382 3650 corato,
394 3577 443 3636 aa.
458 3603 488 3620 ·-
510 3577 534 3647 ')
552 3576 637 3638 Galat.
658 3577 681 3646 1,
691 3578 740 3640 110.
756 3576 827 3643 ³4⁸)
845 3579 1012 3648 Impenditur.
