2556 4150
420 123 739 188 ,„57„

141 289 219 356 dum
249 308 352 375 super
379 287 550 354 cerebrum
578 285 821 355 insensibiliter
842 288 1013 370 oriuntur,
1036 310 1140 368 eures

142 391 233 455 vitae
248 387 435 474 praesentis
450 387 638 471 designant,
661 408 748 472 quae
762 408 915 453 exsensu
936 380 1137 472 negligenti,

144 491 224 576 qnia
259 489 446 574 importune
481 487 664 573 aliqnando
696 486 883 573 prodeunt,
915 488 1013 572 quasi
1039 487 1145 572 nobis⁸

142 610 209 652 non
233 587 452 652 sentientibus
468 584 660 670 procedunt.
704 583 793 664 Quia
807 585 910 670 igitur
931 586 1053 668 cuncti,
1078 587 1144 672 qui

143 694 319 770 praesunt,
356 683 481 750 habere
513 682 648 771 quidem
680 683 914 750 sollicitudines
954 687 1139 752 exteriores

143 785 285 866 debent,
315 805 377 850 nec
398 795 508 850 tamen
536 786 585 850 eis
607 782 818 850 vehementer
845 783 1054 868 incumbere,
1086 807 1141 850 sa-

142 883 293 949 cerdotes
315 892 402 948 recte
415 893 447 948 et
470 893 570 964 caput
584 880 805 968 prohibentur
816 881 934 946 radere
957 891 989 948 et
1009 906 1138 962 comam

142 983 290 1064 nutrire,
324 992 361 1046 ut
382 983 601 1065 cogitationes
623 983 734 1046 carnia
757 980 798 1044 de
820 983 891 1047 vite
913 982 1148 1064 subditorum„

140 1104 204 1148 nec
225 1104 245 1145 a
268 1102 304 1146 se
336 1079 487 1146 funditus
517 1091 706 1166 amputent,
738 1103 800 1146 nec
828 1103 962 1146 rursum
981 1080 1025 1147 ud
1047 1104 1136 1150 cres·

142 1178 283 1246 cendum
304 1180 587 1246 nimisrelaxent.
630 1179 700 1244 Ubi
722 1188 754 1244 et
768 1178 855 1246 bene
876 1179 1011 1246 dicitur:
1035 1181 1137 1248 Ton-

143 1277 307 1344 dentes
329 1277 544 1346 tondeant
566 1279 714 1366 capita
743 1277 886 1367 suu,²)
911 1288 949 1346 nt
977 1277 1145 1360 videlicet¹

143 1399 243 1460 curae
265 1377 458 1466 temporalis
486 1377 720 1446 sollicitudinis
747 1389 780 1444 et
809 1387 971 1465 quantum
1001 1401 1138 1446 necesse

143 1486 207 1559 est,
229 1477 403 1566 prodeant,
426 1487 461 1543 et
480 1487 592 1545 tamen
612 1477 764 1544 recidant
751 1486 806 1542 tur
827 1479 936 1561 citius,
958 1500 1001 1546 ne
1022 1480 1146 1545 immo·⁸

141 1576 294 1644 deratius
315 1587 519 1644 excrescant.
561 1579 652 1644 Dum
672 1579 775 1662 igitur
797 1589 830 1644 et
851 1600 912 1664 per
924 1576 1138 1646 administra

141 1689 209 1744 tam
231 1663 430 1744 exteriorem
457 1674 702 1763 providentiam
728 1697 901 1758 corporum
932 1679 1003 1742 vita
1024 1685 1138 1764 prote·

144 1779 245 1865 gitur,
268 1788 301 1844 et
321 1800 439 1843 rursus
455 1798 514 1864 per
527 1776 731 1842 moderatam
740 1775 767 1863 2)
790 1774 897 1842 cordis
918 1774 1141 1842 intentionem

144 1900 212 1942 non
233 1877 427 1962 impeditur,
461 1875 607 1964 capilli
597 1898 634 1940 ιιι
660 1877 768 1958 capite
797 1872 980 1942 sacerdotis
1014 1884 1047 1942 et
1069 1897 1138 1942 ser·

146 1985 280 2056 vantur,
303 1985 341 2041 ut
361 1984 468 2041 cutem
490 1975 689 2056 cooperiant,
714 1983 746 2039 et
764 1985 972 2062 resecantur,
994 1997 1037 2041 ne
1060 1998 1139 2043 ocu-

148 2073 199 2140 los
222 2072 389 2141 claudant.

468 2237 687 2304 CAPUT
718 2236 814 2303 VIII.

146 2380 191 2455 Ne
225 2378 378 2445 placore
412 2381 533 2430 rector
569 2389 635 2429 suo
667 2374 795 2427 studio
831 2372 1046 2426 hominibus
1080 2387 1140 2440 ap-

189 2464 397 2529 petat,scd
425 2468 541 2513 tamen
569 2463 609 2513 ed
642 2461 734 2529 quod
760 2459 911 2528 placere
941 2459 1090 2528 debeat

550 2547 735 2598 intendat

208 2667 302 2732 Inter
323 2663 407 2730 haec
422 2686 553 2752 quoque
570 2685 705 2730 neeesse
728 2673 788 2744 est,
811 2670 849 2728 ut
867 2672 976 2728 rector
997 2662 1141 2730 solerter

145 2766 312 2854 invigilet,
334 2786 377 2830 ne
399 2761 488 2829 hunc
502 2761 622 2850 cupido
633 2761 792 2850 placendi
803 2760 994 2828 hominibus
1014 2759 1143 2843 pulset,

146 2891 188 2933 ne
218 2890 290 2934 cum
329 2853 475 2932 studiose
504 2857 663 2930 interiora
691 2869 863 2942 penetrat,
892 2881 966 2924 cum
997 2855 1142 2944 provide

146 2966 313 3032 exteriora
342 2964 591 3043 subministrat,
623 2981 659 3026 ee
685 2960 791 3044 magis
821 2982 841 3024 a
871 2957 1014 3023 subditis
1043 2955 1143 3042 diligi

148 3083 256 3150 quam
270 3065 445 3150 veritatem
469 3070 621 3151 quaeram
645 3080 688 3122 ne
710 3080 785 3124 curn
804 3058 901 3125 bonis
924 3055 1053 3124 actibus
1074 3055 1139 3122 ful-

146 3175 203 3250 tns
228 3184 249 3227 a
271 3163 389 3231 mundo
416 3163 548 3229 videtur
576 3159 724 3242 alienus,
752 3160 840 3225 hunc
868 3156 997 3224 auctori
1016 3153 1140 3222 reddat

146 3272 344 3330 extraneum
370 3284 461 3329 amor
489 3283 578 3329 suus
619 3259 735 3326 Hostis
764 3278 909 3344 namque
928 3256 1069 3348 Redemt
1056 3256 1140 3320 toris

147 3373 211 3452 est,
229 3363 292 3449 qui
312 3382 373 3450 per
394 3371 486 3428 recte
517 3381 635 3452 opera,
664 3378 751 3444 quus
779 3356 876 3452 facit,
907 3358 985 3444 ejus
1001 3354 1084 3420 vice
1094 3351 1149 3444 sb·

182 3579 201 3640 o
219 3578 312 3637 uzol.
330 3571 373 3643 li,
391 3570 898 3720 20,.-²)A1itinmoteptam.3“
949 3603 953 3612 .

1050 3595 1097 3660 ι
