2556 4150
280 1073 582 1158 Tnltffl
620 1073 956 1158 onrlwnl

206 1250 304 1303 LIBRI
329 1253 376 1302 DE
400 1249 595 1304 PASTORALI
624 1253 716 1304 cutte
744 1250 772 1304 S.
796 1250 965 1306 GREGORII
990 1253 1027 1308 Μ.

117 1645 248 1712 Prologus

359 1796 510 1870 copton
527 1797 694 1871 primae
718 1798 871 1871 pun-tls.

113 1920 202 1988 Osput
219 1919 242 1972 I.
277 1921 314 1972 Ne
332 1919 420 1971 venire
439 1919 552 1986 imperiti
575 1921 608 1972 ed
626 1921 805 1987 magisterium
823 1920 936 1974 audeant
1020 1959 1026 1970 .

114 2021 181 2089 Gap.
199 2017 237 2072 Il.
273 2017 312 2072 Ne
335 2020 420 2072 loeurn
449 2021 585 2087 regiminis
614 2021 739 2086 subeant,
767 2023 811 2089 qui
840 2023 948 2075 vivendo
974 2036 1027 2073 non

168 2121 322 2190 perficiunt,
342 2135 407 2189 quoe
425 2123 570 2175 meditando
590 2123 734 2175 didicerunt
786 2163 793 2177 .
862 2162 870 2179 .
941 2164 948 2178 .
1013 2164 1025 2206 Ι,
1096 2123 1112 2176 8

114 2226 180 2294 Cup.
198 2223 250 2278 111
285 2225 324 2278 De
341 2223 454 2294 pondere
471 2225 624 2292 regiminis,
650 2231 675 2277 et
692 2227 761 2294 quod
778 2226 889 2279 adverse
907 2241 1024 2295 quaeque

170 2324 337 2397 despiciendo
355 2331 415 2380 sunt
433 2335 458 2382 et
475 2343 599 2397 prospera
616 2327 778 2381 formidanda
861 2369 867 2382 .
938 2367 946 2384 .
1015 2367 1022 2383 .
1077 2329 1112 2383 10

116 2429 180 2499 Gap.
200 2433 248 2483 lv.
280 2433 358 2500 Quod
376 2431 528 2500 plerumque
551 2433 686 2500 occupatio
710 2431 847 2498 regiminis
869 2431 1024 2486 soliditatem

169 2523 280 2602 dissipet
296 2533 389 2587 mentis
472 2573 486 2626 ,Ζ
551 2571 1023 2591 .......
1078 2532 1110 2588 11

116 2632 181 2705 Cep.
199 2638 232 2688 V.
267 2638 306 2689 ne
324 2637 379 2702 his,
406 2637 451 2705 qui
478 2638 507 2690 in
532 2635 666 2704 regiminis
690 2635 802 2689 eulmine
828 2635 951 2705 prodesse
974 2653 1024 2690 ex·

169 2739 254 2808 empto
272 2739 395 2792 virtutum
413 2743 535 2808 possunt,
560 2739 605 2792 sod
618 2741 735 2838 quietern
755 2739 885 2808 propriam
904 2739 1026 2793 seeundo

157 2839 306 2910 refugiunt
397 2878 1026 2897 .........
1079 2838 1113 2893 lt

116 2945 182 3012 Cep
200 2933 247 2998 Vl.
273 2942 358 3014 Quod
376 2938 417 3012 lii,
442 2945 486 3014 qul
509 2946 611 3014 pondos
634 2946 769 3013 regiminis
792 2961 837 3014 per
854 2945 1025 2998 humilitatem

136 3023 285 3114 'fugiunt‚
310 3053 371 3100 tune
398 3062 459 3101 vere
483 3053 544 3100 sunt
562 3047 687 3114 humiles,
713 3064 770 3101 eum
798 3045 893 3101 divinis
916 3047 1026 3118 judiciis

170 3161 221 3200 non
238 3149 397 3202 reluctantur

118 3231 181 3322 Gap.
200 3249 261 3304 vlt.
297 3251 372 3319 Quod
389 3265 574 3322 nonnunquam
587 3252 788 3322 praedicationis
798 3251 913 3306 ostiorum
923 3260 948 3306 st
956 3270 1024 3306 non

168 3354 237 3407 nulli
254 3353 418 3408 laudabiliter
435 3361 572 3426 oppetunt,
599 3361 624 3408 et
641 3356 674 3441 sd
692 3355 743 3444 hoe
766 3355 887 3410 nonnulli
904 3355 1023 3409 lannoi-

168 3457 228 3514 litor
245 3458 326 3513 coorti
341 3427 525 3526 pertrahuntur
568 3445 582 3455 ''
627 3496 1022 3512 ......
1076 3457 1111 3512 16

116 3558 181 3631 Cep
199 3561 274 3616 llll.
309 3563 348 3614 De
365 3560 416 3628 his,
435 3563 478 3629 qui
495 3573 617 3630 praeesse
634 3561 835 3630 concupiscunt,
854 3567 879 3614 et
895 3563 928 3613 od
946 3576 1024 3614 usuru

120 3655 126 3679 ¹
169 3677 231 3719 suso
248 3638 367 3719 libidinis
385 3649 583 3717 instrumentum
593 3654 729 3734 apostolici
747 3665 875 3718 sermonis
895 3665 1025 3734 arripiunt
1077 3663 1111 3719 18
