2556 4150
147 340 284 411 genus
308 315 512 409 electum,
531 313 1003 406 regulesaueetlotiumf
1024 313 1068 408 ¹¹)¹
1094 315 1150 408 lle

148 417 215 489 hae
236 415 338 485 etiam
358 422 544 504 potestate,
578 437 646 503 qua
667 412 977 502 vitiasubigimus,
1004 415 1149 510 loannis

150 538 232 584 voce
254 513 469 594 roboramur,
493 514 553 601 qui
574 515 635 578 ait:
676 511 897 598 Quotquot
919 524 1060 582 autem
1085 538 1145 582 re·

151 621 360 703 ceperunt
382 635 486 695 eum,
505 612 636 677 dedit
660 614 720 678 eis
742 599 1003 706 potestatem
1026 613 1145 682 filios

151 715 235 797 Dei
263 713 377 778 fieri.
401 711 427 799 ²)
471 711 568 776 Hunc
595 709 804 798 dignitatem·
820 710 1027 778 fortitudinis
1050 712 1145 779 Psal-

150 815 250 880 mista
271 810 481 892 considerat,
501 810 631 876 dicens:
654 809 759 877 Mihi
780 819 917 876 autem
938 810 1062 877 nimis
1082 810 1146 877 ho-

151 911 379 980 norificati
402 920 503 977 sunt
524 911 726 976 amici'tui
750 910 884 993 Deus,
908 911 1034 977 nimis
1057 933 1146 978 con·
1225 909 1226 914 ’

149 1013 341 1079 fortatus
367 1019 431 1078 est
451 1011 727 1097 principatus
747 1032 901 1078 eorum.
921 1008 949 1096 3)
993 1009 1084 1090 Quia
1098 1012 1147 1077 ni·

149 1113 271 1178 mirum
294 1110 492 1176 Sanctorum
514 1132 607 1176 mens
628 1109 860 1198 principaliter
881 1111 917 1178 in
934 1111 1069 1180 summis
1083 1109 1147 1176 eri·

149 1213 262 1297 gitur,
285 1231 359 1276 cnm
371 1210 524 1276 exterius
540 1210 673 1296 perpeti
685 1207 1022 1295 abjectaccrnuntnr.
1052 1208 1146 1278 Auro

85 1371 88 1376 .
151 1319 264 1376 autem
286 1307 467 1398 hyacintho
489 1328 529 1373 ac
554 1330 726 1398 purpurae
745 1309 797 1374 bis
814 1310 938 1375 tinctus
952 1329 1069 1374 coccus
1091 1307 1147 1378 ad·

149 1411 316 1496 jungitur,
339 1419 474 1476 utente
493 1409 616 1474 interni
627 1409 755 1494 judicis
777 1408 1022 1483 oculos.cmnia
1041 1408 1146 1474 virtus

151 1519 220 1575 tum
242 1509 331 1576 bona
358 1531 401 1574 ex
428 1509 570 1575 caritate
593 1508 809 1590 decorentur,
838 1517 872 1572 et
891 1519 1026 1587 cuncta,
1060 1527 1148 1594 quae

150 1630 262 1675 coram
285 1607 474 1674 hominibus
495 1607 645 1686 rutilant,
670 1607 754 1674 haec
776 1609 1006 1694 incompacta
1027 1605 1149 1672 occulti

149 1707 268 1774 arbitri
288 1709 422 1774 flamma
443 1709 550 1772 intimi
577 1709 699 1773 amoris
724 1706 894 1776 arcendae.
938 1707 1035 1788 Quae
1058 1705 1147 1772 scili·
1175 1686 1184 1712 ⁶
1240 1758 1242 1762 .

149 1819 205 1873 cet
224 1809 364 1890 caritas,
395 1809 477 1894 quia
499 1807 608 1872 Deum
621 1805 732 1872 simul
759 1829 799 1871 ac
814 1808 1005 1892 proximum
1028 1805 1147 1890 diligit,

154 1907 254 1992 quasi
275 1928 318 1970 ex
344 1906 468 1994 duplici
494 1907 640 1972 tinctura
668 1905 833 1988 fulgescit.
876 1906 943 1988 Qui
971 1908 1076 1994 igitur
1100 1907 1149 1974 sie

155 2003 206 2068 ad
221 2005 365 2071 auctoris
386 2007 531 2094 speciem
551 2003 706 2086 anhelat,
729 2015 767 2071 ut
788 2007 1013 2092 proximorum
1034 2027 1150 2076 curan

156 2101 320 2187 negliget,
347 2103 402 2170 vel
424 2107 473 2171 sic
502 2105 725 2190 proximorum
752 2127 867 2171 curam
889 2109 1097 2192 exequitur,
1111 2114 1148 2170 ut

153 2225 176 2267 a
196 2202 312 2270 divino
334 2227 446 2269 amore
466 2213 648 2292 torpescat,
677 2191 757 2290 quia
778 2227 881 2270 unum
901 2203 1020 2272 borum
1042 2202 1147 2289 quod·

151 2301 233 2368 libet
253 2303 414 2389 negligit,
439 2306 477 2371 in
498 2303 785 2392 superhumeralis
805 2312 1000 2372 ornamento
1021 2301 1149 2368 habere

151 2422 287 2468 ocenum
311 2404 361 2468 bis
379 2407 521 2471 tinctum
542 2405 659 2470 nescit
691 2401 759 2470 Sed
780 2426 855 2470 eum
874 2425 969 2470 mens
989 2401 1034 2468 ad
1050 2421 1149 2488 pree·

148 2511 253 2592 cepta
273 2505 426 2572 caritatis
447 2505 611 2588 tenditur,
632 2512 738 2570 restat
758 2500 875 2588 procul
897 2502 1014 2584 dubio,
1037 2513 1075 2568 ut
1090 2522 1150 2587 per

150 2602 390 2671 abstinentiam
418 2627 497 2670 caro
523 2613 717 2670 maceretur.
766 2601 866 2668 Unde
899 2613 932 2668 et
963 2601 1016 2667 bis
1044 2602 1150 2668 tincto

150 2726 249 2770 occec
270 2716 358 2770 torta
381 2703 503 2792 byssus
518 2689 725 2789 adjungitur.
756 2703 810 2768 Dc
829 2712 921 2768 terra
933 2703 1056 2768 etenim
1069 2700 1148 2788 bys·

154 2827 212 2869 sus
233 2805 354 2870 nitenti
375 2804 487 2890 specie
508 2805 622 2869 oritur.
659 2799 809 2889 lit-qnid
829 2821 890 2888 per
911 2800 1062 2888 byssum,
1084 2800 1150 2868 nisi

150 2903 302 2970 candens
324 2902 444 2969 decore
464 2903 647 2970 munditiae
668 2901 853 2988 corporalis
877 2901 1015 2968 castitas
1038 2901 1148 2986 desig·

154 3003 279 3066 natur?
297 3009 300 3014 '
321 3001 419 3082 Quae
448 2998 607 3068 videlieet
626 3010 716 3071 tortu
753 2998 997 3089 pulchritudini
1031 3023 1147 3088 supere

154 3099 339 3165 humeralia
359 3101 553 3183 innectitur3
587 3103 670 3186 qnia
688 3109 771 3168 tunc
790 3101 987 3172 castimonia
1008 3100 1053 3166 ad
1072 3123 1148 3187 per·

153 3199 279 3266 fectum
308 3199 491 3267 munditiae
519 3198 693 3268 candorem
720 3197 867 3284 ducitur,
898 3221 973 3266 oum
1000 3221 1061 3287 per
1089 3199 1147 3266 ab·

152 3299 348 3366 atinentiam
381 3322 458 3366 caro
483 3299 655 3386 fatigatur.
705 3297 856 3386 Cumque
886 3301 973 3367 iuter
1004 3298 1153 3366 virtutes

1043 3435 1135 3466 ,nl

190 3597 210 3661 u
237 3599 260 3652 1.
279 3599 347 3654 rur.
364 3599 396 3666 e,
416 3599 442 3656 e.
460 3627 492 3638 -
511 3597 535 3665 ²)
552 3600 677 3664 suu-1,
697 3599 738 3652 12.
761 3625 789 3637 ῃ
811 3594 835 3661 ⁸)
852 3595 897 3645 rs.
919 3590 979 3656 138,
997 3591 1040 3704 rr.
1061 3565 1082 3574 ’“
1112 3565 1135 3576 ”

777 3692 779 3701 .
826 3693 905 3757 2*⁸
947 3691 961 3704 ..
