2554 4172
538 199 745 264 ...89-

139 371 200 438 eit
220 377 268 435 te.
285 366 322 454 ¹)
356 365 574 453 Impudenter
595 385 728 453 quoque
741 363 974 452 delinquentes
1000 366 1141 434 Galatae

140 475 259 556 aperte
281 465 407 531 Paulus
428 465 592 553 increpat,
615 463 749 532 dicens:
773 461 802 528 Ο
825 464 1041 531 insensati
1065 465 1141 532 Ga-

139 567 288 649 latae,
317 566 414 652 quis
449 587 522 630 vos
554 563 876 650 lasei·navit?²)
921 565 966 631 Et
993 587 1139 632 rursum:

142 665 212 738 Sic
236 665 362 732 stulti
384 665 509 745 estis,
531 671 577 728 ut
598 685 687 729 oum
709 663 867 751 spiritu
890 665 1140 749 coeperitis,

139 785 252 832 nuno
280 786 412 830 earne
440 761 859 848 consummamini?³)
903 762 1027 850 Culpas
1058 786 1140 830 vero

140 852 445 931 verecundantium
471 863 570 948 quasi
591 864 798 952 compatiens
823 861 1057 949 reprehendit,
1088 862 1138 928 di·

107 1009 111 1015 ·
141 987 239 1030 eene:
271 963 459 1029 (invisus
482 962 630 1028 eumin
649 962 827 1028 DomIno
852 960 1136 1049 vehementer,

139 1064 347 1150 quoniam
378 1061 549 1127 tandem
583 1060 824 1148 aliquando
857 1061 1138 1130 refloruistis

139 1183 214 1249 pro
242 1182 302 1224 me
330 1160 485 1226 sentire
509 1162 620 1227 sieut
641 1172 678 1226 et
709 1160 990 1245 sentiebatis3
1021 1185 1138 1228 oocu-

140 1262 233 1348 pati
256 1261 361 1326 enim
390 1260 586 1345 esuriat)
615 1271 653 1328 ut
675 1269 709 1326 et
730 1259 863 1327 illorum
886 1261 1007 1350 eulpae
1029 1263 1136 1340 inere·

139 1361 233 1446 petio
256 1355 340 1426 dura
362 1360 543 1446 detegeret,
567 1369 599 1426 et
620 1359 737 1427 horum
751 1361 994 1447 negligentiam
1008 1362 1138 1428 mollior

141 1481 250 1526 sermo
272 1459 411 1526 velaret.

447 1611 682 1679 CAPUT
725 1612 822 1678 VIII.

163 1733 341 1802 Quomodo
364 1732 573 1786 adorenendi
598 1731 752 1800 protervi
780 1736 810 1784 et
838 1731 1112 1800 pusillsnImes.

200 1847 310 1914 Aliter
332 1846 532 1914 admonendi
556 1857 632 1914 sunt
652 1849 814 1934 protervi,
838 1857 939 1933 atque
954 1849 1052 1916 aliter
1075 1872 1136 1936 pu-

139 1946 334 2012 sillanimes.
378 1944 438 2011 Illi
459 1946 547 2009 enim
570 1945 647 2010 dum
661 1945 760 2012 valde
782 1945 823 2010 de
846 1969 881 2012 se
903 1955 1136 2035 praesumunt,

139 2044 373 2133 exprobrando
402 2054 529 2110 eeteros
560 2042 803 2128 dedignantem
836 2047 894 2109 isti
926 2056 1038 2112 autem
1060 2046 1137 2112 dum

138 2146 237 2211 nimis
258 2145 461 2211 infirmitatis
493 2165 573 2209 suae
607 2151 685 2210 sunt
706 2143 849 2223 eonseii,
879 2143 1077 2230 plerumque
1100 2149 1138 2209 iu

137 2242 407 2332 desperationem
429 2243 562 2310 eadunt.
604 2241 665 2307 Illi
686 2241 901 2327 singulariter
930 2265 1058 2310 summe
1079 2265 1135 2310 ae-

138 2345 275 2409 stimant
285 2351 419 2426 ennete,
434 2364 520 2429 quae
537 2352 658 2430 agunt3
681 2342 738 2408 isti
748 2339 962 2408 vehementer
978 2343 1136 2430 despecta

137 2450 259 2529 putant
280 2463 367 2522 esse,
390 2463 478 2527 quae
500 2441 640 2524 faciunt,
663 2452 697 2506 et
717 2441 843 2507 ideireo*
853 2441 889 2506 in
901 2440 1135 2528 desperatione

137 2543 351 2628 franguntur.
402 2540 578 2608 Subtiliter
607 2541 722 2626 itaque
752 2539 796 2605 ab
831 2549 995 2625 arguente
1026 2541 1136 2608 diseu-

135 2640 249 2710 tienda
273 2649 350 2707 sunt
371 2662 474 2728 opera
494 2648 743 2727 protervorum,
767 2641 864 2706 utin
886 2662 953 2726 quo
976 2639 1040 2705 sibi
1062 2639 1132 2724 pls-

53 2747 57 2756 ‘
136 2747 224 2822 eent,
247 2740 479 2822 ostendantur,
504 2740 585 2827 quia
605 2740 679 2806 Deo
702 2737 889 2825 displicent.

199 2839 296 2905 'I'une
317 2841 406 2906 enim
426 2848 601 2927 protervos
621 2838 740 2906 melius
752 2840 960 2923 corrigimus,
983 2859 1059 2902 oum
1080 2859 1134 2920 ea,

138 2935 321 3020 quaebene
342 2940 455 3025 egisse
468 2961 504 3004 ee
524 2938 676 3018 eredunt,
698 2937 875 3004 maleeote
897 2945 1135 3018 monstrantem

137 3043 177 3098 ut
198 3033 287 3099 unde
309 3034 433 3124 adepta
461 3036 571 3122 gloria
593 3035 758 3117 ereditur,
786 3033 864 3104 inde.
891 3032 987 3102 utilis
1016 3031 1135 3101 subsess

138 3141 264 3220 quatur
284 3136 446 3202 conlusio.
490 3135 739 3220 Nonnunquam
760 3154 840 3198 vere
863 3153 939 3198 eum
960 3155 996 3198 se
1018 3134 1136 3200 vitium

138 3231 325 3318 proterviae
346 3234 481 3300 minime
505 3242 702 3323 perpetrare
732 3239 958 3318 cognoscunt,
981 3251 1135 3317 compen·

138 3329 266 3397 dionius
288 3331 332 3400 ad
353 3335 590 3401 eorreotionem
612 3331 770 3414 veniunt,
800 3331 829 3398 si
850 3327 992 3398 alterius
1014 3328 1135 3415 eulpae

174 3505 193 3570 ¹)
210 3505 273 3559 Issi.
299 3506 348 3576 et,
372 3508 450 3564 d-
477 3509 500 3579 ²)
525 3508 760 3573 Gelet3,1.-
785 3505 808 3576 ²)
829 3507 915 3562 Galat.
933 3505 958 3574 3,
977 3505 1002 3561 3.
1039 3506 1135 3562 Omnes

207 3591 335 3648 editiones
352 3595 448 3651 habent
465 3592 764 3664 consummamini,
782 3592 852 3659 quod
868 3605 902 3644 ex
919 3605 1014 3660 graeco
1032 3591 1135 3646 videtur
1193 3599 1197 3604 “

209 3678 401 3747 explicandum.
420 3708 453 3720 ·-
472 3678 495 3748 ⁴)
514 3679 583 3735 Phil.
601 3676 626 3746 l,
646 3679 687 3733 10.
