2554 4172
536 197 742 277 -q5-

139 365 218 451 quia
240 385 306 429 uno
329 361 460 450 quidem
482 363 626 450 plectro,
661 361 719 428 sed
740 383 807 428 non
828 383 895 426 uno
917 360 1059 448 impulsu
1083 361 1131 426 fe·

137 481 278 554 riuutur.
323 479 420 546 Unde
443 488 477 546 et
498 479 610 546 doctor
627 480 789 568 quisque,
812 485 850 543 ut
863 478 979 544 inuna
995 487 1131 545 cunctos

137 597 262 662 virtute
285 595 433 662 caritatis
453 593 625 680 aedificet,
648 618 691 660 cx
715 617 784 660 una
798 593 960 678 doctrina,
983 615 1131 662 nonuna

138 709 320 800 eademque
358 710 586 778 exhortatione
621 721 760 796 tangere
797 709 894 776 eorda
927 708 1130 776 audientium

138 827 245 892 debet

510 1007 702 1076 CAPUT
734 1009 761 1072 I.

160 1147 302 1214 Quanta
328 1144 462 1198 debeat
488 1157 571 1197 esse
598 1143 815 1196 diversitas
842 1144 878 1196 in
902 1146 981 1194 arte
1006 1153 1112 1210 prae-

523 1229 746 1282 dicationis.

196 1366 304 1432 Aliter
326 1385 470 1452 namque
491 1363 692 1433 admonendi
713 1374 791 1432 sunt
811 1365 888 1444 viri,
916 1375 1018 1452 atque
1033 1363 1131 1428 alitor

134 1466 289 1533 feminae.

175 1565 306 1631 'Aliter
322 1567 483 1654 juvenes,
508 1565 608 1630 aliter
631 1585 737 1631 senes.

177 1665 307 1732 'Aliter
329 1667 463 1750 inopes,
488 1663 590 1730 aliter
614 1661 807 1749 locupletes.

181 1763 307 1831 ¹Aliter
327 1765 426 1847 laeti,
449 1764 548 1830 aliter
569 1763 693 1828 tristes.

196 1863 306 1929 Aliter
329 1863 473 1946 subditi,
497 1861 593 1929 aliter
615 1858 765 1948 praelati.

197 1962 305 2028 Aliter
328 1965 433 2046 servi,
456 1963 555 2029 aliter
580 1959 711 2026 domini.

203 2194 256 2258 est,
284 2193 484 2260 quantocunque
507 2205 570 2244 cura
595 2195 620 2243 et
645 2188 783 2256 diligentis
806 2186 958 2255 ingeniique
985 2189 1130 2254 sagacitate

203 2277 342 2346 qnisquam
359 2275 469 2344 polleat;
496 2275 524 2328 in
541 2277 619 2330 rebus
638 2281 723 2330 tamen
740 2275 808 2343 ipsis
834 2277 859 2327 ct
878 2273 1061 2342 experimentis
1078 2289 1128 2328 cu-

201 2363 292 2415 ratrici
309 2363 404 2416 rationi
422 2367 447 2416 et
463 2363 561 2416 medico
580 2364 721 2432 perspicua
738 2360 809 2414 fiunt.
833 2361 867 2412 In
884 2360 1129 2415 universumautem

201 2447 269 2500 illud
286 2449 356 2517 apud
373 2462 422 2501 nos
445 2452 561 2515 constat,
587 2449 657 2517 qnod
683 2447 894 2516 quemadmodum
920 2446 949 2498 in
974 2446 1080 2500 sublimi
1105 2451 1130 2499 et

202 2532 312 2601 pendulo
330 2531 393 2586 iuno
410 2534 602 2602 gradientibus,
621 2535 649 2585 in
666 2531 976 2601 hancvelillampartem
987 2530 1129 2598 deflectere,

199 2618 305 2673 minime
323 2622 406 2672 tutum
423 2622 475 2686 ost,
492 2634 541 2673 nec
558 2620 633 2673 etiam
650 2635 734 2691 parva
750 2619 886 2672 inclinatio
900 2633 1009 2688 parvum
1021 2618 1127 2686 pericu·

199 2705 286 2759 culum
311 2704 397 2772 affert,
424 2719 515 2758 verum
539 2719 626 2758 eorum
650 2705 724 2759 salus
741 2706 769 2758 in
793 2703 950 2772 aequilibrio
971 2703 1058 2772 posits
1074 2709 1128 2759 est:

198 2792 231 2844 ad
249 2791 358 2845 eundem
375 2803 479 2859 quoqne
496 2791 599 2844 modurn
616 2790 742 2844 utramvis
759 2790 788 2842 in
805 2793 904 2860 partem
916 2789 1053 2858 quispiam,
1071 2791 1128 2844 sivo

198 2877 231 2930 ob
248 2877 318 2931 vitae
335 2876 539 2945 improbitatem,
556 2877 612 2930 sire
629 2875 661 2930 ob
678 2876 835 2945 imperitiam
852 2874 1028 2943 propenderit,
1054 2875 1126 2928 haud

199 2962 258 3016 leve
274 2963 420 3030 periculum
437 2966 491 3015 tum
508 2963 587 3032 ipsis,
612 2967 666 3015 tum
691 2961 726 3016 iis
748 2961 844 3030 quibus
861 2963 977 3030 praeest,
1002 2959 1126 3030 imminet,

199 3058 233 3097 ne
249 3045 278 3098 in
303 3051 438 3115 peecatum
455 3047 632 3117 prolabantur.
668 3047 797 3116 Quocirca
814 3045 859 3098 via
876 3046 967 3115 procul
985 3045 1063 3102 dubio
1079 3061 1126 3100 re·

198 3128 244 3196 gia
260 3129 327 3200 ipsis
351 3134 520 3187 incedendum
545 3139 598 3204 est,
625 3149 658 3188 ac
679 3131 955 3201 circumspiciendum,
982 3145 1015 3185 ne
1032 3131 1075 3186 vel
1092 3133 1127 3186 ad

198 3214 342 3283 dexteram,
366 3217 410 3270 vel
427 3217 574 3288 sinistram,
601 3220 720 3274 velutin
737 3217 881 3288 proverbiis
902 3222 958 3284 est,
986 3217 1125 3275 declinent.

197 3301 239 3353 Ac
256 3299 316 3354 talis
333 3301 478 3356 morborum
490 3309 636 3359 nostrorum
653 3309 746 3358 natura
763 3310 818 3373 est,
836 3308 974 3374 tantusque
991 3301 1058 3358 bono
1073 3293 1132 3374 pa·'

198 3386 261 3440 stori
270 3385 345 3440 labor
354 3388 486 3458 incumbit,
505 3391 550 3460 qni
557 3391 647 3460 gregis
654 3391 756 3444 animas
765 3391 829 3445 scite
841 3391 993 3460 cogniturus
1001 3393 1048 3458 est,
1067 3403 1125 3458 per·

197 3476 355 3543 spectasque
368 3471 513 3542 babituros,
532 3475 625 3544 eisque
638 3475 717 3545 juxta
734 3475 949 3544 pastoralisartis
961 3475 1124 3546 legesprae-

195 3556 296 3625 ituros,
325 3558 452 3614 duntaxat
477 3563 563 3614 rectae
594 3564 620 3614 ct
641 3559 729 3629 justae
754 3573 787 3614 ac
812 3573 873 3616 vero
900 3565 1005 3631 pastore
1035 3565 1124 3618 nostro

195 3643 318 3713 dignut‘
1000 3640 1002 3644 ’

827 3727 882 3792 4*
