2520 4152
485 227 712 297 m‹raa-

94 395 287 462 ostenditur
298 393 449 496 reproba.
479 393 582 461 Color
595 395 740 481 optimus
755 405 807 460 ast
823 403 989 474 mutatus,
1014 395 1096 480 qais

95 478 155 544 illo
178 479 367 546 sanctitatis
388 476 543 560 habitus,
563 487 775 575 perterrere
793 485 826 542 et
848 476 981 565 abjecta
996 497 1099 562 opera

79 559 142 626 'ad
173 562 391 648 ignominiam
423 560 646 648 despectionis
680 562 781 624 venit.
833 558 981 646 Lapides
1018 581 1096 625 vero

95 644 284 709 sanctuarii
305 644 508 710 intrinsecus
532 640 762 723 habebantur,
795 663 858 708 nec
880 641 1098 708 sumebantur

95 728 136 792 in
157 729 275 791 summi
298 725 478 793 sacerdotis
500 745 656 814 corpore,
688 726 752 789 nisi
773 747 847 789 oum
870 734 989 791 sancta
1011 723 1098 790 sen-

95 819 225 876 atorum
246 808 457 894 ingrediens,
490 811 525 874 in
547 821 675 880 secroto
703 809 755 872 sui
778 806 970 875 Conditoris
992 827 1098 954 app:-

94 891 202 958 rebat.
247 890 315 958 Nos
337 913 434 976 ergo,
464 891 587 957 fratres
609 892 797 972 carissimi,
830 913 891 958 nos
914 911 1028 956 samua
1086 926 1098 938 ·

95 975 193 1063 pides
223 976 406 1041 sanctuarii
434 977 492 1062 qui
521 995 686 1060 apparere
717 971 1037 1060 semper'debsmus
1062 974 1098 1039 iu

96 1058 329 1156 secretoDei:
359 1079 442 1146 quos
469 1079 651 1155 numquam
677 1079 814 1154 necesse
846 1065 896 1156 est
916 1056 999 1153 foris
1022 1076 1097 1156 con·

96 1161 183 1288 tit?
192 1189 202 1220 '
225 1139 561 1309 stttttttttt
573 1137 1098 1308 titt?titttttttlttpt

96 1307 243 1372 omnium
256 1305 452 1392 platearum,
474 1308 553 1392 quia
564 1305 599 1370 hi
612 1308 668 1392 qui
680 1327 739 1392 per
751 1306 855 1369 vitam
867 1314 900 1368 et
911 1306 1096 1370 orationem

97 1390 190 1454 intus
220 1409 352 1473 semper
380 1409 454 1453 essa
483 1389 686 1469 debuerant,
718 1411 780 1474 per
801 1392 902 1452 vitam
922 1385 1097 1472 reprobam

94 1472 181 1537 foris
204 1484 335 1537 vacant.
380 1471 467 1537 ane
479 1475 550 1560 jam
597 1493 659 1535 ene
680 1472 776 1536 nulla
798 1482 849 1535 est
870 1470 977 1535 seculi
999 1470 1096 1550 actio,

97 1575 198 1642 quarn
228 1575 293 1619 non
325 1556 514 1621 sacerdotes
544 1494 785 1620 administrent.
836 1555 922 1617 llum
952 1574 1033 1636 ergo
1061 1555 1097 1618 in

95 1644 214 1702 sancto
237 1636 356 1704 habitu
378 1636 569 1720 constituti,
604 1638 771 1702 exteriora
794 1644 873 1700 sunt
895 1657 981 1720 quae
1004 1634 1096 1699 exhi·

72 1719 191 1799 .bent,
231 1723 329 1806 quasi
355 1721 540 1786 sanctuarii
567 1719 697 1806 lapides
726 1718 809 1784 foris
833 1719 959 1805 jacent.
1004 1718 1095 1797 Quia

95 1802 185 1867 enim
208 1800 340 1868 Graeca
361 1823 442 1870 voca
489 1802 576 1867 lates
599 1825 619 1866 a
641 1800 820 1866 latitudine
840 1811 995 1882 uocatur,
1018 1821 1096 1866 sau·

95 1885 220 1950 asuarii
239 1885 270 1949 ls
295 1885 367 1950 ides
390 1887 425 1950 in
446 1825 567 1973 plateis
589 1897 686 1966 sunt,
707 1902 782 1948 cum
804 1881 953 1968 religiosi
968 1884 1094 2030 (puique

95 1965 167 2032 lata
189 1989 242 2032 mu
292 1969 444 2034 iitiners
466 1978 647 2034 sectantur.
690 1967 759 2030 Nec
780 1964 887 2030 solum
907 1965 942 2029 in
959 1989 982 2051 p
998 1967 1096 2047 ateis,

97 2050 156 2116 sed
184 2063 217 2116 et
246 2051 280 2116 in
310 2053 418 2138 capite
448 2050 636 2138 platearum
667 2049 810 2134 dispersi
839 2059 931 2113 sunt:
961 2049 1041 2133 quia
1063 2058 1098 2112 et

95 2155 158 2220 per
187 2131 405 2216 desidorium,
437 2133 539 2220 hujus
567 2133 683 2198 mundi
711 2152 816 2218 opera·
847 2139 1033 2219 peragunt,
1064 2141 1097 2195 et

96 2229 209 2280 tamen
230 2215 271 2280 de
292 2217 449 2302 religioso
471 2215 589 2280 habitu
612 2213 744 2280 culmen
764 2213 1096 2310 honorisquaerunt.

94 2289 138 2362 In
160 2299 269 2384 capito
293 2299 373 2386 ergo
393 2298 579 2391 platearum
601 2297 747 2386 dispersi
768 2305 864 2376 sant3
887 2316 968 2379 quis
990 2305 1026 2362 et
1041 2295 1095 2384 ja·

95 2391 174 2480 psat
190 2401 255 2481 per
274 2381 496 2479 ministeriam
518 2381 645 2468 operis,
676 2390 710 2448 et
730 2378 887 2447 humari
910 2377 1029 2444 volunt
1047 2377 1095 2444 ’ὼ

94 2481 163 2529 rma
202 2481 243 2528 ns
267 2468 464 2531 sanotrtatis.
905 2534 908 2541 ,
1075 2510 1080 2520 .

180 2547 209 2609 fa
244 2545 379 2626 Quanto
402 2561 513 2614 autom
532 2545 678 2612 mundus
692 2543 806 2632 gladio
828 2545 983 2626 feriatur,
1005 2544 1095 2630 aspi·

89 2627 191 2694 citis:
237 2627 338 2695 uibus
383 2627 508 2695 uotidie
529 2629 803 2717 percussionibus
825 2629 971 2696 intereat
990 2640 1095 2713 pape·

91 2711 171 2794 dus,
230 2711 325 2778 detis.
416 2715 476 2799 jus
496 2709 578 2796 hoe,
601 2713 667 2778 nisi
688 2723 801 2778 nostm
821 2713 1002 2798 praecipue
1020 2709 1096 2796 pso

90 2795 323 2880 masagium?
354 2795 442 2861 Eoos
455 2794 682 2881 depopulatas
695 2791 814 2875 urbes,
837 2814 958 2860 eversa
970 2800 1094 2872 marn,

95 2876 273 2944 Ecclesiae
299 2897 341 2942 ac
361 2878 568 2944 macenaria
596 2877 785 2957 destructa,
816 2877 852 2940 in
879 2873 1095 2942 solitudinem

89 2959 173 3044 'agri
189 2958 333 3024 ,mdscta
349 2959 375 3046 ¹)
396 2969 486 3028 aust.
529 2957 598 3023 Sed
618 2981 679 3024 nos
706 2957 863 3044 pereunti
892 2955 1014 3104 pupplo
1036 2957 1096 3018 arl-

91 3051 206 3110 ctorss
226 3044 341 3106 mortis
363 3037 554 3122 existimus,
569 3041 637 3126 'qui
652 3060 726 3105 essa
744 3038 933 3104 debuimus
980 3057 1037 3102 oss
1050 3035 1096 3102 sal

94 3124 209 3190 sitam.
226 3122 253 3209 2)
304 3119 359 3188 Ἐκ
388 3133 502 3189 nanno
531 3123 652 3186 atenim
682 3130 824 3222 peccato
854 3120 967 3266 populi
995 3118 1095 3185 tarbis

91 3215 266 3292 prostrata
289 3211 356 3286 θεὶς
388 3205 467 3292 quia
485 3213 602 3270 nostra
622 3202 771 3269 faciente
793 3223 859 3287 aeg
872 3202 1032 3286 igentia„
1050 3201 1097 3267 vd

94 3277 199 3352 vitata
231 3285 362 3354 erudita
388 3307 457 3353 nou
486 3296 548 3351 est
591 3284 682 3365 usto
705 3296 820 3355 mrem
841 3287 972 3352 aimus
992 3284 1095 3352 horsi·

96 3389 194 3452 nm,
222 3371 294 3438 nisi
321 3367 433 3436 'cibam
462 3368 601 3436 Domini
624 3367 826 3449 sumimus,
853 3388 947 3452 *quse
968 3364 1096 3436 adhue

79 3461 177 3520 'sunt
206 3452 375 3536 conditae,
408 3458 445 3517 ut
467 3452 502 3516 in
530 3453 604 3538 ejus
627 3471 764 3540 corpore
792 3448 1026 3540 trajiciantur,
1061 3447 1096 3516 id

95 3543 171 3618 cst,
194 3543 232 3601 ut
253 3536 285 3601 in
309 3545 469 3602 artemas
493 3533 669 3600 Ecclesiae
694 3542 911 3620 augmentum
931 3529 1098 3601 tendant?

98 3639 100 3648 ¹
160 3642 201 3671 ,,,·
236 3631 390 3673 ΝΛΜ...
936 3655 939 3662 .

134 3712 158 3782 ·)
176 3712 241 3768 arn.
258 3713 363 3771 roasa.
382 3739 415 3754 -
440 3711 460 3777 t
479 3711 544 3766 sur.
562 3684 607 3767 ssi
623 3713 685 3768 aas
699 3703 834 3767 absus
