2554 4172
516 185 720 248 ..69-

122 355 221 436 uerit,
245 373 310 419 non
333 351 474 434 occidit3
497 351 577 437 quia
600 371 672 416 curn
696 347 866 414 districtus
884 345 991 434 judex
1014 366 1115 410 vene·

121 453 176 534 rit,
200 453 258 538 qui
281 471 354 518 sese
383 449 481 517 nobis
503 472 564 537 per
593 456 736 514 naturae
756 455 889 514 nostrae
911 445 1114 513 consortium

117 554 249 638 junxit,
280 549 324 616 ab
346 573 385 616 eo
407 549 527 636 procul
550 547 651 614 dubio
679 547 795 633 culpae
816 552 946 610 reatum
966 565 1035 610 non
1056 564 1115 606 ex-

121 651 226 738 petit,
254 671 352 736 quem
382 649 445 714 sub
476 648 549 734 ejus
569 650 669 713 venia
692 646 793 728 fides,
828 665 903 730 spes
932 653 965 708 et
994 643 1117 708 caritas

122 749 301 817 abscondit.

447 921 782 988 CAPUT'XI.

158 1061 340 1128 Quantum
365 1064 484 1112 rector
502 1057 755 1124 sacraeLogis
780 1053 1083 1110 meditationibus

404 1157 483 1196 osse
507 1143 835 1196 debeatintentus.

186 1278 252 1346 Sed
274 1302 369 1346 omne
391 1279 452 1345 hoc
473 1281 535 1344 rite
558 1301 578 1342 a
600 1289 725 1344 rectore
747 1277 857 1363 agitur
864 1327 874 1359 ,
899 1278 927 1340 si
949 1296 1118 1357 supernae

120 1377 306 1444 formidinis
329 1388 361 1445 et
373 1377 563 1444 dilectionis
576 1379 693 1464 spiritu
706 1375 841 1441 afflatus
867 1373 1013 1442 studiose
1036 1397 1118 1462 quo·

120 1476 201 1543 tidie
225 1479 313 1543 sacri
335 1477 460 1564 eloquii
477 1489 657 1564 praecepta
670 1475 858 1559 meditetur,
880 1476 967 1541 utin
990 1497 1027 1540 eo
1050 1475 1118 1539 vim

45 1577 51 1592 ⁴
123 1577 355 1644 sollicitudinis
378 1587 410 1642 et
440 1599 521 1662 erga
543 1575 716 1640 coelestem
743 1575 846 1639 vitam
867 1573 1030 1660 providae
1053 1575 1116 1638 cir·

122 1676 393 1762 cumspectionis,
418 1697 518 1763 quam
550 1673 717 1740 humanae
745 1673 1008 1742 conversationis
1036 1695 1117 1738 usus

121 1774 347 1841 indesinenter
380 1775 538 1857 destruit,
572 1774 708 1839 divinae
746 1770 980 1838 admonitionis
1013 1763 1120 1838 verba

121 1882 330 1955 restaurent,
358 1875 470 1959 etqui
493 1873 537 1939 ad
557 1883 757 1938 vetustatem
780 1875 869 1939 vitae
893 1895 954 1958 per
977 1873 1119 1938 societa-

123 1983 190 2036 tem
213 1969 414 2036 secularium
435 1970 579 2052 ducitur,
603 1971 647 2036 ad
658 1995 802 2036 amorem
813 1994 944 2057 semper
958 1969 1122 2058 spiritalis

122 2069 253 2156 patriae
264 2069 527 2154 compunctionis
541 2067 766 2154 adspiratione
778 2078 967 2134 renovetur.
1009 2067 1122 2135 Valde
1145 2103 1151 2114 ·

121 2189 265 2254 namque
289 2167 377 2233 inter
397 2167 544 2234 humana
558 2166 664 2232 verba
679 2188 735 2232 cor
758 2165 888 2249 defluit3
910 2189 1051 2254 cumque
1067 2169 1118 2232 in·

122 2265 316 2333 dubitanter
334 2265 481 2349 constet,
506 2265 596 2354 quod
618 2265 766 2333 externis
791 2267 1044 2352 occupationum
1064 2274 1119 2332 tu-

121 2365 279 2432 multibus
301 2365 477 2453 impulsum
497 2388 518 2430 a
540 2367 716 2448 semetipso
739 2375 883 2448 corruat,
907 2365 1041 2430 studere
1065 2365 1118 2431 in·

122 2465 331 2531 cessabiliter
353 2463 462 2548 debet,
483 2475 521 2530 ut
541 2487 602 2552 per
625 2463 823 2532 eruditionis
839 2463 984 2530 studium
1006 2487 1119 2531 resur-

122 2575 189 2648 gat
209 2563 234 2652 ¹)
279 2565 367 2631 Hinc
388 2573 439 2630 est
462 2565 561 2646 anim,
585 2564 676 2649 quod
696 2563 884 2651 praelatum
899 2567 996 2650 gregi
1017 2565 1117 2630 disei-

123 2705 422 2722 Q--u—ouu

157 2797 176 2858 ¹)
194 2793 289 2848 Sacrae
308 2795 453 2862 scripturae
470 2794 603 2846 assiduam
621 2795 758 2847 lectionem
778 2793 805 2846 S
815 2793 922 2862 Gregor.
943 2793 1118 2861 etalibipas·

190 2881 238 2932 sim
258 2881 348 2934 sedulo
366 2880 488 2934 inculcat.
525 2879 570 2933 Sic
589 2880 634 2933 lib.
654 2881 701 2933 IV.
719 2879 812 2936 Moral.
839 2895 896 2947 cap
915 2879 939 2932 1.
975 2879 1119 2962 „Veriwtis

190 2964 378 3033 intelligentia,
396 2967 482 3033 ait,c
469 2981 528 3018 cum
546 2980 623 3034 perc
609 2966 692 3019 cordis
710 2965 881 3018 humilitatem
901 2953 1051 3032 quaeritur,
1069 2981 1118 3018 as-

190 3049 311 3103 siduitate
329 3052 433 3119 legendi
451 3057 608 3121 penetratur.
644 3049 718 3104 Sicut
735 3053 801 3104 enim
820 3055 966 3118 ignotorum
986 3051 1117 3105 hominum

191 3131 273 3186 facies
292 3136 435 3204 cernimus,
464 3143 489 3190 et
505 3139 583 3191 corde
599 3138 746 3206 nescimus,
770 3137 815 3190 sed
833 3137 858 3189 si
875 3133 999 3190 familiari
1017 3137 1057 3191 sis
1073 3138 1118 3190 lo·

192 3218 293 3272 cutione
311 3221 506 3290 conjungimur,
533 3237 583 3276 usu
601 3222 728 3290 colloquii
745 3237 832 3278 eorum
851 3223 930 3276 etiam
947 3222 1120 3292 cogitationes

191 3305 362 3372 indagamus:
391 3309 429 3359 ita
451 3323 510 3361 cum
531 3309 559 3361 in
585 3323 660 3362 sacro
687 3309 792 3378 eloquio
810 3309 868 3362 sols
887 3309 1000 3362 historia
1016 3307 1117 3376 aspiri·

169 3455 171 3460 Ι
190 3396 247 3457 tur,
266 3391 336 3466 uitril
352 3391 426 3445 aliud
443 3407 520 3463 quam
537 3393 621 3448 facies
638 3393 755 3464 videtur;
773 3397 817 3449 sed
837 3395 861 3447 si
878 3393 1117 3447 huicassiduousu

192 3479 385 3549 conjungimur,
404 3479 460 3549 ejus
477 3481 600 3534 nimirum
617 3485 725 3535 menam
745 3481 820 3552 quasi
840 3495 872 3532 ex
882 3477 1063 3533 collocutionis
1072 3475 1116 3530 ia·

190 3563 338 3619 miliadtnte
356 3568 547 3636 penetramus.“
582 3567 646 3620 Pari
661 3568 736 3622 modo
753 3565 799 3621 SS.
817 3567 909 3620 Patres
928 3577 1119 3619 omneseacrue

191 3651 333 3721 scriptum
356 3652 505 3722 diligentem
531 3653 666 3709 lectionem
690 3653 806 3722 gratita
829 3649 1013 3708 commendant.
1049 3647 1116 3704 Sut-
