2520 4152
554 203 776 268 -186-

165 377 333 458 quatenus
361 365 541 436 utilitatem
568 368 725 434 tristitiae
754 368 951 451 subtrahet,
977 377 1069 434 recte
1089 368 1174 440 illic

169 465 386 555 sejungitur:
420 466 715 554 Tristemque
748 466 985 534 blanditiis
1014 466 1171 544 delini-

168 567 240 633 vit
257 562 284 648 ¹)
327 563 430 633 Modo
459 566 546 630 enim
579 563 722 632 aliorum
749 567 840 632 facta
869 567 1036 652 graviora,
1065 566 1171 634 modo

166 663 215 732 nil
236 685 331 748 esee,
354 663 444 754 quod
464 673 693 750 perpetratum
715 675 779 750 est,
801 665 895 733 modo
915 663 1171 731 misericordem

167 761 282 830 Deum
302 764 464 851 loquitur,
487 762 582 829 modo
604 763 714 830 adhue
734 773 864 852 tempus
886 764 1096 850 subsequens
1120 763 1172 829 ad

166 864 407 949 poenitentiam
433 858 624 946 pollicetur3
654 873 692 929 ut
718 863 796 929 dum
825 887 885 951 per
910 863 994 929 haec
1019 862 1170 949 decepta

168 983 265 1028 ment
287 962 434 1043 ducitur,
460 958 503 1023 ab
525 961 707 1029 intentione
729 963 954 1052 poenitentioe
976 961 1173 1050 suspendae

167 1067 239 1130 tur:
260 1073 423 1151 quatenus
444 1069 525 1124 tunc
545 1060 635 1127 bona
655 1061 749 1128 nulle
769 1063 927 1151 recipiat,
949 1083 1049 1149 quam
1069 1082 1170 1128 nunc

166 1161 259 1226 mele
280 1159 372 1226 nulla
387 1159 599 1242 contristant3
623 1167 655 1224 et
666 1170 746 1226 tunc
756 1160 888 1247 plenius
907 1159 1066 1227 obruatur
1082 1182 1170 1246 sup·-

166 1259 292 1345 plieiis,
316 1279 402 1345 quae
424 1261 633 1325 nuncetiam
656 1258 781 1344 gaudet
802 1259 837 1325 in
859 1259 997 1325 delictis.
1014 1260 1041 1346 ²)

230 1359 276 1423 At
296 1363 411 1421 contra
439 1357 639 1424 admonendi
661 1367 756 1439 sunt,
792 1359 850 1441 qui
871 1368 1011 1442 peecata
1034 1358 1170 1442 cogita·.
1258 1413 1259 1434 ,

165 1459 292 1524 tionum
314 1453 449 1538 deflent,
472 1467 509 1521 ut
531 1456 667 1523 sollicite
700 1455 909 1523 considerent
929 1458 1019 1523 intra
1039 1459 1167 1524 mentis
1258 1435 1259 1460 Χ

164 1575 290 1619 arcana
319 1563 431 1620 utrum
458 1555 679 1622 delectatione
711 1556 955 1638 tantummodo,
985 1567 1030 1621 an
1059 1557 1163 1622 etiam

166 1671 329 1718 consensu
362 1651 572 1738 deliquerint
621 1655 823 1742 Plerumque
854 1659 942 1721 enim
970 1656 1157 1738 tentatur³)

164 1770 235 1834 cor,
258 1760 290 1814 et
311 1773 354 1816 ex
365 1755 477 1818 carnis
500 1755 652 1840 nequitia
666 1753 858 1837 delectetur,
882 1763 1037 1820 ettamen
1052 1753 1163 1845 eidem

165 1850 336 1936 nequitiae
358 1872 401 1916 ex
420 1855 552 1919 ratione
572 1847 745 1937 renititur,
773 1854 867 1919 utin
890 1863 1015 1920 secreto
1039 1855 1167 1937 cogita·

166 1948 267 2014 tionis
289 1961 322 2014 et
344 1952 527 2032 contristet,
550 1951 758 2038 quodlibet,
784 1963 817 2020 et
837 1953 951 2038 libeat,
974 1952 1061 2039 quod
1083 1973 1165 2017 con·

164 2048 287 2116 tristat.
330 2048 579 2138 Nonnunquam
605 2074 685 2120 vero
711 2054 758 2120 ita
779 2075 873 2118 mens
893 2053 1029 2118 baratro
1052 2059 1168 2117 teuta.-

168 2146 267 2214 nonis
297 2145 514 2231 absorbetur,
543 2157 581 2214 ut
605 2151 802 2218 nullatenus
832 2153 1013 2230 renitatur,
1036 2149 1095 2213 sed
1118 2170 1169 2214 εκ·

166 2243 406 2314 deliberatione
438 2249 591 2334 sequitur
621 2251 703 2333 boc,
744 2250 832 2315 unde
866 2271 909 2312 ex
941 2245 1165 2310 delectatione

166 2343 333 2432 pulsatur,
355 2354 389 2410 et
410 2347 438 2410 si
447 2345 592 2414 facultas
605 2351 749 2414 exterior
760 2352 927 2430 suppetat,
949 2363 1061 2405 rerum
1080 2360 1163 2406 mcx

164 2441 338 2510 effectibus
354 2442 382 2529 ⁴)
406 2445 565 2512 interiora
593 2455 669 2511 vota
691 2450 915 2510 consummat,
946 2437 1046 2518 Quod
1066 2436 1164 2504 vide-

166 2541 245 2610 licet
267 2544 296 2608 si
311 2545 408 2633 justa
429 2543 673 2610 animadversio
701 2538 843 2606 districti
866 2536 990 2624 judicis
1011 2537 1163 2626 respicit,

165 2664 236 2708 non
265 2653 315 2708 cst
338 2644 411 2729 jam
438 2641 647 2728 cogitationis
679 2637 798 2725 culpa,
832 2637 891 2702 eed
919 2638 1048 2726 operis,
1079 2637 1162 2722 quia

166 2741 233 2808 etei
253 2762 366 2808 rerum
376 2741 517 2808 tarditas
528 2738 620 2804 foras
641 2747 813 2820 peccatum
831 2735 973 2820 distulit,
997 2738 1086 2803 intus
1100 2734 1160 2802 boc

165 2841 397 2906 consensionis
417 2857 515 2922 opere
533 2832 689 2900 voluntas
712 2834 871 2922 implevit

229 2938 273 3002 In
293 2939 399 3024 primo
421 2941 531 2998 autem
558 2943 698 3020 parente
726 2933 919 3018 didicimus,
949 2935 1030 3022 quia
1053 2931 1162 3000 tribus

166 3034 398 3104 nedisomnis
420 3027 538 3117 culpae
560 3033 745 3119 nequitiam
766 3045 1011 3123 perpetramus,
1040 3053 1162 3118 sugges

171 3187 468 3210 h———n--ffl-

236 3282 306 3336 alioe
322 3290 420 3344 samoe,
438 3293 463 3331 v.
482 3289 508 3343 g.
526 3273 553 3328 S.
571 3276 691 3334 Ambroe.
708 3278 754 3332 lib.
774 3279 797 3330 1.
817 3279 848 3332 de
864 3275 993 3345 Virginib.
1020 3275 1160 3342 „cerneret

234 3364 370 3432 trepidare¹
381 3361 535 3428 carnificem,
554 3363 629 3430 quesi
646 3364 702 3430 ipse
719 3364 886 3418 addictus
903 3359 1022 3416 fuisset.“
1058 3361 1156 3414 Exem-

169 3515 173 3521 ,
235 3451 307 3522 plum
325 3462 428 3522 quoque
446 3446 527 3503 hebes
546 3462 607 3516 pag.
624 3447 668 3501 68.
686 3448 767 3518 hujus
784 3449 871 3517 operis
890 3448 938 3506 lin.
955 3447 998 3500 to.
1086 3483 1087 3488 η

193 3550 398 3620 edente&
424 3577 457 3592 ‹-
485 3548 505 3618 ’)
527 3549 590 3606 Alit.
609 3549 761 3608 indelitile.
789 3579 822 3590 -
855 3547 958 3614 'itiit-
976 3537 1109 3608 nantum
1127 3575 1159 3586 ·-

171 3670 179 3681 ·
229 3635 261 3710 *l
278 3638 345 3694 elit
360 3636 521 3697 menter..
624 3692 626 3696 ,
