<?xml version="1.0" encoding="UTF-8"?>
<!DOCTYPE html PUBLIC "-//W3C//DTD XHTML 1.0 Transitional//EN"
    "http://www.w3.org/TR/xhtml1/DTD/xhtml1-transitional.dtd">
<html xmlns="http://www.w3.org/1999/xhtml" xml:lang="en" lang="en">
 <head>
  <title>
</title>
<meta http-equiv="Content-Type" content="text/html;charset=utf-8" />
  <meta name='ocr-system' content='tesseract 3.04.00' />
  <meta name='ocr-capabilities' content='ocr_page ocr_carea ocr_par ocr_line ocrx_word'/>
</head>
<body>
  <div class='ocr_page' id='page_1' title='image "./sgregoriipapaei00westgoog_0038.png"; bbox 0 0 2556 4150; ppageno 0'>
   <div class='ocr_carea' id='block_1_1' title="bbox 528 205 732 272">
    <p class='ocr_par' dir='ltr' id='par_1_1' title="bbox 528 205 732 272">
     <span class='ocr_line' id='line_1_1' title="bbox 528 205 732 272; baseline -0.01 -18"><span class='ocrx_word' id='word_1_1' title='bbox 528 205 732 272; x_wconf 56' lang='lat'>..174</span> 
     </span>
    </p>
   </div>
   <div class='ocr_carea' id='block_1_2' title="bbox 125 366 1124 860">
    <p class='ocr_par' dir='ltr' id='par_1_2' title="bbox 125 366 1124 860">
     <span class='ocr_line' id='line_1_2' title="bbox 127 366 1124 458; baseline -0.01 -14"><span class='ocrx_word' id='word_1_2' title='bbox 127 377 307 456; x_wconf 80' lang='lat' dir='ltr'>noscimus,</span> <span class='ocrx_word' id='word_1_3' title='bbox 330 373 359 437; x_wconf 94' lang='lat' dir='ltr'>si</span> <span class='ocrx_word' id='word_1_4' title='bbox 374 371 514 438; x_wconf 89' lang='lat' dir='ltr'>duorum</span> <span class='ocrx_word' id='word_1_5' title='bbox 536 367 806 458; x_wconf 78' lang='lat' dir='ltr'><strong>prophetantium</strong></span> <span class='ocrx_word' id='word_1_6' title='bbox 826 366 917 434; x_wconf 86' lang='lat' dir='ltr'>facta</span> <span class='ocrx_word' id='word_1_7' title='bbox 931 389 1124 455; x_wconf 89' lang='lat' dir='ltr'>pensamus,</span> 
     </span>
     <span class='ocr_line' id='line_1_3' title="bbox 127 465 1124 567; baseline -0.009 -24"><span class='ocrx_word' id='word_1_8' title='bbox 127 497 270 567; x_wconf 87' lang='lat' dir='ltr'>quorum</span> <span class='ocrx_word' id='word_1_9' title='bbox 291 495 400 553; x_wconf 87' lang='lat' dir='ltr'>unus,</span> <span class='ocrx_word' id='word_1_10' title='bbox 425 479 463 536; x_wconf 91' lang='lat' dir='ltr'>ut</span> <span class='ocrx_word' id='word_1_11' title='bbox 484 469 528 536; x_wconf 90' lang='lat' dir='ltr'>ad</span> <span class='ocrx_word' id='word_1_12' title='bbox 549 465 812 557; x_wconf 84' lang='lat' dir='ltr'>praedicandum</span> <span class='ocrx_word' id='word_1_13' title='bbox 833 467 919 532; x_wconf 91' lang='lat' dir='ltr'>mitti</span> <span class='ocrx_word' id='word_1_14' title='bbox 940 466 1124 552; x_wconf 77' lang='lat' dir='ltr'>debuisset,</span> 
     </span>
     <span class='ocr_line' id='line_1_4' title="bbox 125 564 1124 664; baseline -0.012 -21"><span class='ocrx_word' id='word_1_15' title='bbox 125 583 243 664; x_wconf 88' lang='lat' dir='ltr'>sponte</span> <span class='ocrx_word' id='word_1_16' title='bbox 272 595 308 639; x_wconf 85' lang='lat' dir='ltr'>se</span> <span class='ocrx_word' id='word_1_17' title='bbox 337 571 510 658; x_wconf 87' lang='lat' dir='ltr'>praebuit,</span> <span class='ocrx_word' id='word_1_18' title='bbox 544 591 609 656; x_wconf 91' lang='lat' dir='ltr'>quo</span> <span class='ocrx_word' id='word_1_19' title='bbox 632 577 745 633; x_wconf 88' lang='lat' dir='ltr'>tamen</span> <span class='ocrx_word' id='word_1_20' title='bbox 775 564 862 631; x_wconf 85' lang='lat' dir='ltr'>alter</span> <span class='ocrx_word' id='word_1_21' title='bbox 884 587 1027 653; x_wconf 75' lang='lat' dir='ltr'>pergere</span> <span class='ocrx_word' id='word_1_22' title='bbox 1051 589 1124 656; x_wconf 83' lang='lat' dir='ltr'>oum</span> 
     </span>
     <span class='ocr_line' id='line_1_5' title="bbox 125 664 1124 762; baseline -0.009 -24"><span class='ocrx_word' id='word_1_23' title='bbox 125 695 250 762; x_wconf 86' lang='lat' dir='ltr'>pavore</span> <span class='ocrx_word' id='word_1_24' title='bbox 273 670 451 738; x_wconf 88' lang='lat' dir='ltr'>recusavit.</span> <span class='ocrx_word' id='word_1_25' title='bbox 493 668 603 734; x_wconf 82' lang='lat' dir='ltr'>Isaies</span> <span class='ocrx_word' id='word_1_26' title='bbox 626 667 751 753; x_wconf 87' lang='lat' dir='ltr'>quippe</span> <span class='ocrx_word' id='word_1_27' title='bbox 772 664 916 731; x_wconf 89' lang='lat' dir='ltr'>Domino</span> <span class='ocrx_word' id='word_1_28' title='bbox 936 669 1124 752; x_wconf 85' lang='lat' dir='ltr'>quaerenti,</span> 
     </span>
     <span class='ocr_line' id='line_1_6' title="bbox 126 763 1123 860; baseline -0.007 -21"><span class='ocrx_word' id='word_1_29' title='bbox 126 794 226 860; x_wconf 90' lang='lat' dir='ltr'>quem</span> <span class='ocrx_word' id='word_1_30' title='bbox 246 770 403 850; x_wconf 88' lang='lat' dir='ltr'>mitteret,</span> <span class='ocrx_word' id='word_1_31' title='bbox 425 768 514 834; x_wconf 90' lang='lat' dir='ltr'>ultro</span> <span class='ocrx_word' id='word_1_32' title='bbox 538 789 572 832; x_wconf 91' lang='lat' dir='ltr'>se</span> <span class='ocrx_word' id='word_1_33' title='bbox 596 763 717 832; x_wconf 88' lang='lat' dir='ltr'>obtulit</span> <span class='ocrx_word' id='word_1_34' title='bbox 738 763 867 830; x_wconf 90' lang='lat' dir='ltr'>dicens:</span> <span class='ocrx_word' id='word_1_35' title='bbox 904 765 1010 830; x_wconf 84' lang='lat' dir='ltr'>Ecce</span> <span class='ocrx_word' id='word_1_36' title='bbox 1038 789 1123 852; x_wconf 86' lang='lat' dir='ltr'>ego,</span> 
     </span>
    </p>
   </div>
   <div class='ocr_carea' id='block_1_3' title="bbox 118 863 1183 3338">
    <p class='ocr_par' dir='ltr' id='par_1_3' title="bbox 118 863 1183 3338">
     <span class='ocr_line' id='line_1_7' title="bbox 124 863 1125 954; baseline -0.005 -17"><span class='ocrx_word' id='word_1_37' title='bbox 124 871 242 937; x_wconf 88' lang='lat' dir='ltr'>mitte</span> <span class='ocrx_word' id='word_1_38' title='bbox 265 891 331 933; x_wconf 88' lang='lat' dir='ltr'>me.</span> <span class='ocrx_word' id='word_1_39' title='bbox 354 863 379 954; x_wconf 86' lang='lat'>¹)</span> <span class='ocrx_word' id='word_1_40' title='bbox 413 867 577 932; x_wconf 83' lang='lat' dir='ltr'>Jeremias</span> <span class='ocrx_word' id='word_1_41' title='bbox 599 875 710 930; x_wconf 91' lang='lat' dir='ltr'>autem</span> <span class='ocrx_word' id='word_1_42' title='bbox 730 864 883 946; x_wconf 84' lang='lat' dir='ltr'>mittitur,</span> <span class='ocrx_word' id='word_1_43' title='bbox 906 871 1061 931; x_wconf 82' lang='lat' dir='ltr'>ettamen</span> <span class='ocrx_word' id='word_1_44' title='bbox 1081 888 1125 932; x_wconf 88' lang='lat' dir='ltr'>ne</span> 
     </span>
     <span class='ocr_line' id='line_1_8' title="bbox 122 961 1124 1050; baseline -0.006 -14"><span class='ocrx_word' id='word_1_45' title='bbox 122 970 210 1036; x_wconf 90' lang='lat' dir='ltr'>mitti</span> <span class='ocrx_word' id='word_1_46' title='bbox 231 966 366 1050; x_wconf 89' lang='lat' dir='ltr'>debeat,</span> <span class='ocrx_word' id='word_1_47' title='bbox 396 965 568 1032; x_wconf 86' lang='lat' dir='ltr'>humiliter</span> <span class='ocrx_word' id='word_1_48' title='bbox 588 964 772 1030; x_wconf 88' lang='lat' dir='ltr'>reluctatur</span> <span class='ocrx_word' id='word_1_49' title='bbox 795 961 929 1028; x_wconf 88' lang='lat' dir='ltr'>dicens:</span> <span class='ocrx_word' id='word_1_50' title='bbox 971 963 1012 1046; x_wconf 85' lang='lat' dir='ltr'>A,</span> <span class='ocrx_word' id='word_1_51' title='bbox 1035 986 1067 1046; x_wconf 88' lang='lat' dir='ltr'>a,</span> <span class='ocrx_word' id='word_1_52' title='bbox 1091 987 1124 1049; x_wconf 85' lang='lat' dir='ltr'>a,</span> 
     </span>
     <span class='ocr_line' id='line_1_9' title="bbox 121 1059 1125 1150; baseline -0.007 -15"><span class='ocrx_word' id='word_1_53' title='bbox 121 1066 300 1135; x_wconf 86' lang='lat' dir='ltr'>Domine</span> <span class='ocrx_word' id='word_1_54' title='bbox 321 1064 447 1148; x_wconf 89' lang='lat' dir='ltr'>Deus,</span> <span class='ocrx_word' id='word_1_55' title='bbox 471 1087 562 1129; x_wconf 92' lang='lat' dir='ltr'>ecce</span> <span class='ocrx_word' id='word_1_56' title='bbox 584 1063 726 1130; x_wconf 91' lang='lat' dir='ltr'>nescio</span> <span class='ocrx_word' id='word_1_57' title='bbox 748 1059 876 1149; x_wconf 90' lang='lat' dir='ltr'>loqui,</span> <span class='ocrx_word' id='word_1_58' title='bbox 900 1064 1000 1148; x_wconf 91' lang='lat' dir='ltr'>quia</span> <span class='ocrx_word' id='word_1_59' title='bbox 1021 1085 1125 1150; x_wconf 87' lang='lat' dir='ltr'>puer</span> 
     </span>
     <span class='ocr_line' id='line_1_10' title="bbox 122 1159 1124 1252; baseline -0.004 -19"><span class='ocrx_word' id='word_1_60' title='bbox 122 1189 200 1252; x_wconf 85' lang='lat' dir='ltr'>ego</span> <span class='ocrx_word' id='word_1_61' title='bbox 224 1187 320 1234; x_wconf 78' lang='lat' dir='ltr'>sum.</span> <span class='ocrx_word' id='word_1_62' title='bbox 336 1161 364 1250; x_wconf 82' lang='lat'>²)</span> <span class='ocrx_word' id='word_1_63' title='bbox 393 1163 498 1228; x_wconf 85' lang='lat' dir='ltr'>Enab</span> <span class='ocrx_word' id='word_1_64' title='bbox 506 1162 813 1249; x_wconf 83' lang='lat' dir='ltr'>utrisqueexterius</span> <span class='ocrx_word' id='word_1_65' title='bbox 829 1159 962 1228; x_wconf 87' lang='lat' dir='ltr'>diversa</span> <span class='ocrx_word' id='word_1_66' title='bbox 975 1185 1039 1229; x_wconf 87' lang='lat' dir='ltr'>vox</span> <span class='ocrx_word' id='word_1_67' title='bbox 1048 1185 1124 1250; x_wconf 93' lang='lat' dir='ltr'>pro-</span> 
     </span>
     <span class='ocr_line' id='line_1_11' title="bbox 125 1260 1123 1346; baseline -0.002 -16"><span class='ocrx_word' id='word_1_68' title='bbox 125 1265 207 1346; x_wconf 89' lang='lat' dir='ltr'>diit,</span> <span class='ocrx_word' id='word_1_69' title='bbox 237 1263 296 1329; x_wconf 87' lang='lat' dir='ltr'>sod</span> <span class='ocrx_word' id='word_1_70' title='bbox 319 1285 385 1329; x_wconf 88' lang='lat' dir='ltr'>non</span> <span class='ocrx_word' id='word_1_71' title='bbox 415 1261 592 1329; x_wconf 82' lang='lat' dir='ltr'>ediverso</span> <span class='ocrx_word' id='word_1_72' title='bbox 612 1261 703 1328; x_wconf 87' lang='lat' dir='ltr'>fonte</span> <span class='ocrx_word' id='word_1_73' title='bbox 734 1260 921 1329; x_wconf 83' lang='lat' dir='ltr'>dilectionis</span> <span class='ocrx_word' id='word_1_74' title='bbox 943 1265 1123 1330; x_wconf 89' lang='lat' dir='ltr'>emanavit.</span> 
     </span>
     <span class='ocr_line' id='line_1_12' title="bbox 125 1361 1124 1452; baseline -0.004 -22"><span class='ocrx_word' id='word_1_75' title='bbox 125 1365 203 1430; x_wconf 88' lang='lat' dir='ltr'>Duo</span> <span class='ocrx_word' id='word_1_76' title='bbox 226 1363 351 1452; x_wconf 88' lang='lat' dir='ltr'>quippe</span> <span class='ocrx_word' id='word_1_77' title='bbox 374 1371 451 1426; x_wconf 93' lang='lat' dir='ltr'>sunt</span> <span class='ocrx_word' id='word_1_78' title='bbox 473 1372 656 1450; x_wconf 86' lang='lat' dir='ltr'>praecepta</span> <span class='ocrx_word' id='word_1_79' title='bbox 678 1362 847 1444; x_wconf 86' lang='lat' dir='ltr'>caritatis,</span> <span class='ocrx_word' id='word_1_80' title='bbox 879 1361 945 1426; x_wconf 91' lang='lat' dir='ltr'>Dei</span> <span class='ocrx_word' id='word_1_81' title='bbox 966 1362 1124 1427; x_wconf 89' lang='lat' dir='ltr'>videlicet</span> 
     </span>
     <span class='ocr_line' id='line_1_13' title="bbox 125 1461 1122 1549; baseline -0.002 -21"><span class='ocrx_word' id='word_1_82' title='bbox 125 1484 215 1529; x_wconf 83' lang='lat' dir='ltr'>arnor</span> <span class='ocrx_word' id='word_1_83' title='bbox 238 1473 272 1528; x_wconf 90' lang='lat' dir='ltr'>et</span> <span class='ocrx_word' id='word_1_84' title='bbox 293 1462 444 1549; x_wconf 84' lang='lat' dir='ltr'>proximi.</span> <span class='ocrx_word' id='word_1_85' title='bbox 488 1461 553 1526; x_wconf 90' lang='lat' dir='ltr'>Per</span> <span class='ocrx_word' id='word_1_86' title='bbox 570 1461 713 1526; x_wconf 80' lang='lat' dir='ltr'>activam</span> <span class='ocrx_word' id='word_1_87' title='bbox 731 1463 834 1547; x_wconf 85' lang='lat' dir='ltr'>igitur</span> <span class='ocrx_word' id='word_1_88' title='bbox 849 1464 952 1527; x_wconf 88' lang='lat' dir='ltr'>vitam</span> <span class='ocrx_word' id='word_1_89' title='bbox 966 1462 1122 1549; x_wconf 88' lang='lat' dir='ltr'>prodesse</span> 
     </span>
     <span class='ocr_line' id='line_1_14' title="bbox 121 1549 1122 1650; baseline 0.002 -24"><span class='ocrx_word' id='word_1_90' title='bbox 121 1549 284 1650; x_wconf 86' lang='lat' dir='ltr'>proximis</span> <span class='ocrx_word' id='word_1_91' title='bbox 307 1561 446 1648; x_wconf 89' lang='lat' dir='ltr'>cupiens</span> <span class='ocrx_word' id='word_1_92' title='bbox 469 1560 578 1626; x_wconf 88' lang='lat' dir='ltr'>Isaias</span> <span class='ocrx_word' id='word_1_93' title='bbox 608 1559 752 1626; x_wconf 88' lang='lat' dir='ltr'>officium</span> <span class='ocrx_word' id='word_1_94' title='bbox 767 1563 1040 1648; x_wconf 74' lang='lat' dir='ltr'>¹praedicationis</span> <span class='ocrx_word' id='word_1_95' title='bbox 1063 1585 1122 1650; x_wconf 85' lang='lat' dir='ltr'>ap-</span> 
     </span>
     <span class='ocr_line' id='line_1_15' title="bbox 121 1659 1122 1748; baseline 0.002 -22"><span class='ocrx_word' id='word_1_96' title='bbox 121 1662 224 1748; x_wconf 86' lang='lat' dir='ltr'>petit:</span> <span class='ocrx_word' id='word_1_97' title='bbox 246 1681 306 1747; x_wconf 91' lang='lat' dir='ltr'>per</span> <span class='ocrx_word' id='word_1_98' title='bbox 328 1659 621 1745; x_wconf 84' lang='lat' dir='ltr'>contemplativam</span> <span class='ocrx_word' id='word_1_99' title='bbox 643 1681 722 1726; x_wconf 89' lang='lat' dir='ltr'>vero</span> <span class='ocrx_word' id='word_1_100' title='bbox 740 1661 905 1727; x_wconf 89' lang='lat' dir='ltr'>Jeremias</span> <span class='ocrx_word' id='word_1_101' title='bbox 921 1662 1026 1728; x_wconf 88' lang='lat' dir='ltr'>amori</span> <span class='ocrx_word' id='word_1_102' title='bbox 1044 1683 1122 1728; x_wconf 89' lang='lat' dir='ltr'>con·</span> 
     </span>
     <span class='ocr_line' id='line_1_16' title="bbox 122 1757 1123 1846; baseline 0 -20"><span class='ocrx_word' id='word_1_103' title='bbox 122 1759 242 1826; x_wconf 89' lang='lat' dir='ltr'>ditoris</span> <span class='ocrx_word' id='word_1_104' title='bbox 274 1757 387 1824; x_wconf 90' lang='lat' dir='ltr'>sedulo</span> <span class='ocrx_word' id='word_1_105' title='bbox 419 1758 596 1823; x_wconf 86' lang='lat' dir='ltr'>inhaerere</span> <span class='ocrx_word' id='word_1_106' title='bbox 635 1757 849 1846; x_wconf 81' lang='lat' dir='ltr'>desiderans,</span> <span class='ocrx_word' id='word_1_107' title='bbox 890 1783 932 1824; x_wconf 89' lang='lat' dir='ltr'>ne</span> <span class='ocrx_word' id='word_1_108' title='bbox 962 1760 1047 1825; x_wconf 91' lang='lat' dir='ltr'>mitti</span> <span class='ocrx_word' id='word_1_109' title='bbox 1079 1761 1123 1826; x_wconf 87' lang='lat' dir='ltr'>ad</span> 
     </span>
     <span class='ocr_line' id='line_1_17' title="bbox 122 1853 1121 1946; baseline 0.004 -24"><span class='ocrx_word' id='word_1_110' title='bbox 122 1856 382 1944; x_wconf 89' lang='lat' dir='ltr'>praedicandum</span> <span class='ocrx_word' id='word_1_111' title='bbox 404 1853 542 1939; x_wconf 88' lang='lat' dir='ltr'>debeat,</span> <span class='ocrx_word' id='word_1_112' title='bbox 573 1861 780 1924; x_wconf 89' lang='lat' dir='ltr'>contradicit.</span> <span class='ocrx_word' id='word_1_113' title='bbox 824 1859 925 1938; x_wconf 79' lang='lat' dir='ltr'>Quod</span> <span class='ocrx_word' id='word_1_114' title='bbox 946 1882 1027 1946; x_wconf 90' lang='lat' dir='ltr'>ergo</span> <span class='ocrx_word' id='word_1_115' title='bbox 1049 1861 1121 1927; x_wconf 90' lang='lat' dir='ltr'>lau·</span> 
     </span>
     <span class='ocr_line' id='line_1_18' title="bbox 126 1955 1120 2047; baseline 0.004 -26"><span class='ocrx_word' id='word_1_116' title='bbox 126 1955 281 2021; x_wconf 88' lang='lat' dir='ltr'>dabiliter</span> <span class='ocrx_word' id='word_1_117' title='bbox 301 1955 384 2021; x_wconf 83' lang='lat' dir='ltr'>alter</span> <span class='ocrx_word' id='word_1_118' title='bbox 407 1956 559 2044; x_wconf 86' lang='lat' dir='ltr'>appetiit,</span> <span class='ocrx_word' id='word_1_119' title='bbox 587 1960 649 2022; x_wconf 88' lang='lat' dir='ltr'>hoo</span> <span class='ocrx_word' id='word_1_120' title='bbox 669 1957 888 2025; x_wconf 88' lang='lat' dir='ltr'>laudabiliter</span> <span class='ocrx_word' id='word_1_121' title='bbox 910 1960 994 2025; x_wconf 90' lang='lat' dir='ltr'>alter</span> <span class='ocrx_word' id='word_1_122' title='bbox 1016 1983 1120 2047; x_wconf 85' lang='lat' dir='ltr'>expa-</span> 
     </span>
     <span class='ocr_line' id='line_1_19' title="bbox 125 2055 1120 2145; baseline 0.002 -23"><span class='ocrx_word' id='word_1_123' title='bbox 125 2055 184 2122; x_wconf 88' lang='lat' dir='ltr'>vit.</span> <span class='ocrx_word' id='word_1_124' title='bbox 228 2055 296 2120; x_wconf 89' lang='lat' dir='ltr'>Iste</span> <span class='ocrx_word' id='word_1_125' title='bbox 319 2076 359 2120; x_wconf 88' lang='lat' dir='ltr'>ne</span> <span class='ocrx_word' id='word_1_126' title='bbox 379 2057 510 2121; x_wconf 80' lang='lat' dir='ltr'>tacitae·</span> <span class='ocrx_word' id='word_1_127' title='bbox 524 2056 812 2141; x_wconf 87' lang='lat' dir='ltr'>contemplationis</span> <span class='ocrx_word' id='word_1_128' title='bbox 841 2057 935 2123; x_wconf 87' lang='lat' dir='ltr'>lucra</span> <span class='ocrx_word' id='word_1_129' title='bbox 955 2057 1120 2145; x_wconf 86' lang='lat' dir='ltr'>loquendo</span> 
     </span>
     <span class='ocr_line' id='line_1_20' title="bbox 122 2151 1119 2243; baseline 0.002 -23"><span class='ocrx_word' id='word_1_130' title='bbox 122 2151 294 2243; x_wconf 87' lang='lat' dir='ltr'>perderet,</span> <span class='ocrx_word' id='word_1_131' title='bbox 316 2155 370 2220; x_wconf 93' lang='lat' dir='ltr'>ille</span> <span class='ocrx_word' id='word_1_132' title='bbox 390 2177 433 2220; x_wconf 87' lang='lat' dir='ltr'>ne</span> <span class='ocrx_word' id='word_1_133' title='bbox 456 2155 578 2222; x_wconf 85' lang='lat' dir='ltr'>damna</span> <span class='ocrx_word' id='word_1_134' title='bbox 598 2155 740 2221; x_wconf 86' lang='lat' dir='ltr'>studiosi</span> <span class='ocrx_word' id='word_1_135' title='bbox 761 2157 872 2243; x_wconf 90' lang='lat' dir='ltr'>operis</span> <span class='ocrx_word' id='word_1_136' title='bbox 890 2157 1029 2223; x_wconf 90' lang='lat' dir='ltr'>tacendo</span> <span class='ocrx_word' id='word_1_137' title='bbox 1045 2179 1119 2222; x_wconf 89' lang='lat' dir='ltr'>sen-</span> 
     </span>
     <span class='ocr_line' id='line_1_21' title="bbox 121 2253 1117 2343; baseline -0.002 -22"><span class='ocrx_word' id='word_1_138' title='bbox 121 2256 206 2321; x_wconf 89' lang='lat' dir='ltr'>tiret.</span> <span class='ocrx_word' id='word_1_139' title='bbox 251 2254 319 2321; x_wconf 85' lang='lat' dir='ltr'>Sed</span> <span class='ocrx_word' id='word_1_140' title='bbox 339 2253 401 2322; x_wconf 92' lang='lat' dir='ltr'>boc</span> <span class='ocrx_word' id='word_1_141' title='bbox 423 2256 458 2320; x_wconf 91' lang='lat' dir='ltr'>in</span> <span class='ocrx_word' id='word_1_142' title='bbox 479 2256 632 2343; x_wconf 90' lang='lat' dir='ltr'>utrisque</span> <span class='ocrx_word' id='word_1_143' title='bbox 651 2265 702 2320; x_wconf 90' lang='lat' dir='ltr'>est</span> <span class='ocrx_word' id='word_1_144' title='bbox 723 2255 889 2321; x_wconf 90' lang='lat' dir='ltr'>subtiliter</span> <span class='ocrx_word' id='word_1_145' title='bbox 910 2255 1117 2338; x_wconf 89' lang='lat' dir='ltr'>intuendum,</span> 
     </span>
     <span class='ocr_line' id='line_1_22' title="bbox 122 2354 1117 2443; baseline -0.001 -23"><span class='ocrx_word' id='word_1_146' title='bbox 122 2355 202 2441; x_wconf 89' lang='lat' dir='ltr'>quia</span> <span class='ocrx_word' id='word_1_147' title='bbox 225 2365 258 2420; x_wconf 90' lang='lat' dir='ltr'>et</span> <span class='ocrx_word' id='word_1_148' title='bbox 280 2356 325 2436; x_wconf 91' lang='lat' dir='ltr'>is,</span> <span class='ocrx_word' id='word_1_149' title='bbox 350 2355 409 2439; x_wconf 90' lang='lat' dir='ltr'>qui</span> <span class='ocrx_word' id='word_1_150' title='bbox 430 2356 620 2436; x_wconf 85' lang='lat' dir='ltr'>recusavit,</span> <span class='ocrx_word' id='word_1_151' title='bbox 645 2354 744 2443; x_wconf 89' lang='lat' dir='ltr'>plene</span> <span class='ocrx_word' id='word_1_152' title='bbox 768 2379 834 2422; x_wconf 92' lang='lat' dir='ltr'>non</span> <span class='ocrx_word' id='word_1_153' title='bbox 856 2357 993 2438; x_wconf 86' lang='lat' dir='ltr'>restitit3</span> <span class='ocrx_word' id='word_1_154' title='bbox 1023 2355 1117 2438; x_wconf 92' lang='lat' dir='ltr'>etis,</span> 
     </span>
     <span class='ocr_line' id='line_1_23' title="bbox 122 2454 1118 2543; baseline 0.002 -24"><span class='ocrx_word' id='word_1_155' title='bbox 122 2457 182 2542; x_wconf 90' lang='lat' dir='ltr'>qui</span> <span class='ocrx_word' id='word_1_156' title='bbox 202 2456 289 2520; x_wconf 90' lang='lat' dir='ltr'>mitti</span> <span class='ocrx_word' id='word_1_157' title='bbox 310 2454 432 2537; x_wconf 90' lang='lat' dir='ltr'>voluit,</span> <span class='ocrx_word' id='word_1_158' title='bbox 466 2464 544 2521; x_wconf 90' lang='lat' dir='ltr'>ante</span> <span class='ocrx_word' id='word_1_159' title='bbox 566 2477 625 2542; x_wconf 87' lang='lat' dir='ltr'>per</span> <span class='ocrx_word' id='word_1_160' title='bbox 654 2455 771 2522; x_wconf 88' lang='lat' dir='ltr'>altaris</span> <span class='ocrx_word' id='word_1_161' title='bbox 795 2455 959 2532; x_wconf 81' lang='lat' dir='ltr'>calculum</span> <span class='ocrx_word' id='word_1_162' title='bbox 983 2477 1017 2522; x_wconf 88' lang='lat' dir='ltr'>se</span> <span class='ocrx_word' id='word_1_163' title='bbox 1039 2478 1118 2543; x_wconf 91' lang='lat' dir='ltr'>pur-</span> 
     </span>
     <span class='ocr_line' id='line_1_24' title="bbox 120 2553 1119 2643; baseline -0.001 -24"><span class='ocrx_word' id='word_1_164' title='bbox 120 2563 236 2642; x_wconf 86' lang='lat' dir='ltr'>gatum</span> <span class='ocrx_word' id='word_1_165' title='bbox 267 2553 369 2637; x_wconf 84' lang='lat' dir='ltr'>vidit3</span> <span class='ocrx_word' id='word_1_166' title='bbox 402 2577 442 2619; x_wconf 90' lang='lat' dir='ltr'>ne</span> <span class='ocrx_word' id='word_1_167' title='bbox 475 2567 627 2620; x_wconf 88' lang='lat' dir='ltr'>autnon</span> <span class='ocrx_word' id='word_1_168' title='bbox 655 2561 821 2641; x_wconf 84' lang='lat' dir='ltr'>purgatus</span> <span class='ocrx_word' id='word_1_169' title='bbox 849 2555 945 2620; x_wconf 86' lang='lat' dir='ltr'>adire</span> <span class='ocrx_word' id='word_1_170' title='bbox 975 2556 1119 2643; x_wconf 88' lang='lat' dir='ltr'>quisque</span> 
     </span>
     <span class='ocr_line' id='line_1_25' title="bbox 120 2652 1119 2739; baseline -0.003 -19"><span class='ocrx_word' id='word_1_171' title='bbox 120 2677 218 2721; x_wconf 80' lang='lat' dir='ltr'>secra</span> <span class='ocrx_word' id='word_1_172' title='bbox 246 2655 435 2722; x_wconf 85' lang='lat' dir='ltr'>ministeria</span> <span class='ocrx_word' id='word_1_173' title='bbox 464 2652 602 2736; x_wconf 86' lang='lat' dir='ltr'>audeat,</span> <span class='ocrx_word' id='word_1_174' title='bbox 637 2664 695 2720; x_wconf 91' lang='lat' dir='ltr'>aut</span> <span class='ocrx_word' id='word_1_175' title='bbox 717 2675 815 2738; x_wconf 88' lang='lat' dir='ltr'>quem</span> <span class='ocrx_word' id='word_1_176' title='bbox 839 2675 985 2739; x_wconf 88' lang='lat' dir='ltr'>superna</span> <span class='ocrx_word' id='word_1_177' title='bbox 1007 2654 1119 2738; x_wconf 84' lang='lat' dir='ltr'>gratia</span> 
     </span>
     <span class='ocr_line' id='line_1_26' title="bbox 120 2751 1131 2842; baseline -0.002 -22"><span class='ocrx_word' id='word_1_178' title='bbox 120 2754 239 2841; x_wconf 85' lang='lat' dir='ltr'>elegit,</span> <span class='ocrx_word' id='word_1_179' title='bbox 275 2754 337 2819; x_wconf 91' lang='lat' dir='ltr'>sub</span> <span class='ocrx_word' id='word_1_180' title='bbox 369 2753 567 2820; x_wconf 82' lang='lat' dir='ltr'>humilitatis</span> <span class='ocrx_word' id='word_1_181' title='bbox 597 2756 708 2840; x_wconf 88' lang='lat' dir='ltr'>specie</span> <span class='ocrx_word' id='word_1_182' title='bbox 732 2753 874 2842; x_wconf 88' lang='lat' dir='ltr'>superbe</span> <span class='ocrx_word' id='word_1_183' title='bbox 902 2751 1131 2819; x_wconf 74' lang='lat' dir='ltr'>contradicat.=</span> 
     </span>
     <span class='ocr_line' id='line_1_27' title="bbox 119 2851 1183 2940; baseline -0.004 -22"><span class='ocrx_word' id='word_1_184' title='bbox 119 2852 212 2934; x_wconf 78' lang='lat' dir='ltr'>Quia</span> <span class='ocrx_word' id='word_1_185' title='bbox 233 2855 337 2940; x_wconf 85' lang='lat' dir='ltr'>igitur</span> <span class='ocrx_word' id='word_1_186' title='bbox 358 2851 459 2920; x_wconf 86' lang='lat' dir='ltr'>valde</span> <span class='ocrx_word' id='word_1_187' title='bbox 481 2851 618 2919; x_wconf 84' lang='lat' dir='ltr'>difficile</span> <span class='ocrx_word' id='word_1_188' title='bbox 640 2862 708 2934; x_wconf 89' lang='lat' dir='ltr'>est,</span> <span class='ocrx_word' id='word_1_189' title='bbox 742 2863 923 2940; x_wconf 87' lang='lat' dir='ltr'>purgatum</span> <span class='ocrx_word' id='word_1_190' title='bbox 946 2873 982 2917; x_wconf 88' lang='lat' dir='ltr'>so</span> <span class='ocrx_word' id='word_1_191' title='bbox 1005 2871 1119 2938; x_wconf 87' lang='lat' dir='ltr'>quern·</span> <span class='ocrx_word' id='word_1_192' title='bbox 1180 2893 1183 2900; x_wconf 87' lang='lat'><em>-</em></span> 
     </span>
     <span class='ocr_line' id='line_1_28' title="bbox 119 2949 1119 3041; baseline 0 -25"><span class='ocrx_word' id='word_1_193' title='bbox 119 2949 206 3017; x_wconf 87' lang='lat' dir='ltr'>libet</span> <span class='ocrx_word' id='word_1_194' title='bbox 233 2975 332 3041; x_wconf 84' lang='lat' dir='ltr'>posse</span> <span class='ocrx_word' id='word_1_195' title='bbox 353 2975 572 3038; x_wconf 84' lang='lat' dir='ltr'>cognoscere,</span> <span class='ocrx_word' id='word_1_196' title='bbox 606 2951 868 3038; x_wconf 87' lang='lat' dir='ltr'>praedicationis</span> <span class='ocrx_word' id='word_1_197' title='bbox 897 2950 1041 3034; x_wconf 84' lang='lat' dir='ltr'>officium</span> <span class='ocrx_word' id='word_1_198' title='bbox 1069 2960 1119 3016; x_wconf 89' lang='lat' dir='ltr'>tu·</span> 
     </span>
     <span class='ocr_line' id='line_1_29' title="bbox 119 3049 1118 3136; baseline -0.001 -19"><span class='ocrx_word' id='word_1_199' title='bbox 119 3051 188 3117; x_wconf 81' lang='lat' dir='ltr'>tina</span> <span class='ocrx_word' id='word_1_200' title='bbox 214 3051 416 3136; x_wconf 59' lang='lat' dir='ltr'>declinatum</span> <span class='ocrx_word' id='word_1_201' title='bbox 449 3075 510 3120; x_wconf 86' lang='lat' dir='ltr'>neo</span> <span class='ocrx_word' id='word_1_202' title='bbox 538 3063 651 3118; x_wconf 88' lang='lat' dir='ltr'>tamen</span> <span class='ocrx_word' id='word_1_203' title='bbox 683 3049 862 3132; x_wconf 87' lang='lat' dir='ltr'>declinari,</span> <span class='ocrx_word' id='word_1_204' title='bbox 899 3060 938 3117; x_wconf 91' lang='lat' dir='ltr'>ut</span> <span class='ocrx_word' id='word_1_205' title='bbox 959 3049 1118 3132; x_wconf 86' lang='lat' dir='ltr'>diximus,</span> 
     </span>
     <span class='ocr_line' id='line_1_30' title="bbox 119 3147 1134 3237; baseline 0 -23"><span class='ocrx_word' id='word_1_206' title='bbox 119 3152 338 3237; x_wconf 87' lang='lat' dir='ltr'>pertinaciter</span> <span class='ocrx_word' id='word_1_207' title='bbox 368 3150 489 3234; x_wconf 84' lang='lat' dir='ltr'>debet,</span> <span class='ocrx_word' id='word_1_208' title='bbox 516 3175 590 3218; x_wconf 88' lang='lat' dir='ltr'>oum</span> <span class='ocrx_word' id='word_1_209' title='bbox 623 3149 666 3215; x_wconf 88' lang='lat' dir='ltr'>ad</span> <span class='ocrx_word' id='word_1_210' title='bbox 698 3147 948 3235; x_wconf 88' lang='lat' dir='ltr'>suscipiendum</span> <span class='ocrx_word' id='word_1_211' title='bbox 974 3147 1038 3216; x_wconf 90' lang='lat' dir='ltr'>hoc</span> <span class='ocrx_word' id='word_1_212' title='bbox 1066 3171 1134 3214; x_wconf 82' lang='lat' dir='ltr'>su·-</span> 
     </span>
     <span class='ocr_line' id='line_1_31' title="bbox 118 3247 1120 3338; baseline -0.002 -24"><span class='ocrx_word' id='word_1_213' title='bbox 118 3270 230 3338; x_wconf 86' lang='lat' dir='ltr'>perna</span> <span class='ocrx_word' id='word_1_214' title='bbox 240 3248 395 3317; x_wconf 75' lang='lat' dir='ltr'>voluntas</span> <span class='ocrx_word' id='word_1_215' title='bbox 407 3253 610 3336; x_wconf 84' lang='lat' dir='ltr'>agnoscitur.</span> <span class='ocrx_word' id='word_1_216' title='bbox 622 3248 649 3336; x_wconf 73' lang='grc'>3)</span> <span class='ocrx_word' id='word_1_217' title='bbox 681 3247 779 3329; x_wconf 79' lang='lat' dir='ltr'>Quod</span> <span class='ocrx_word' id='word_1_218' title='bbox 790 3247 925 3336; x_wconf 83' lang='lat' dir='ltr'>Moyses</span> <span class='ocrx_word' id='word_1_219' title='bbox 941 3258 1120 3331; x_wconf 89' lang='lat' dir='ltr'>utrumque</span> 
     </span>
    </p>
   </div>
   <div class='ocr_carea' id='block_1_4' title="bbox 121 3374 408 3388">
    <p class='ocr_par' dir='ltr' id='par_1_4' title="bbox 121 3374 408 3388">
     <span class='ocr_line' id='line_1_32' title="bbox 121 3374 408 3388; baseline 0 -2"><span class='ocrx_word' id='word_1_220' title='bbox 121 3374 408 3388; x_wconf 46' lang='lat' dir='ltr'>-u—-uw</span> 
     </span>
    </p>
   </div>
   <div class='ocr_carea' id='block_1_5' title="bbox 161 3411 1121 3739">
    <p class='ocr_par' dir='ltr' id='par_1_5' title="bbox 161 3411 1121 3739">
     <span class='ocr_line' id='line_1_33' title="bbox 161 3411 1120 3484; baseline -0.002 -16"><span class='ocrx_word' id='word_1_221' title='bbox 161 3419 181 3482; x_wconf 81' lang='grc'>’)</span> <span class='ocrx_word' id='word_1_222' title='bbox 203 3417 268 3470; x_wconf 86' lang='lat' dir='ltr'>Isai.</span> <span class='ocrx_word' id='word_1_223' title='bbox 286 3417 319 3484; x_wconf 83' lang='lat'>6,</span> <span class='ocrx_word' id='word_1_224' title='bbox 338 3416 363 3472; x_wconf 89' lang='grc'>8.</span> <span class='ocrx_word' id='word_1_225' title='bbox 383 3445 416 3454; x_wconf 89' lang='grc'><strong>-</strong></span> <span class='ocrx_word' id='word_1_226' title='bbox 449 3413 473 3482; x_wconf 84' lang='lat'>²)</span> <span class='ocrx_word' id='word_1_227' title='bbox 491 3416 543 3467; x_wconf 86' lang='lat' dir='ltr'>Jer.</span> <span class='ocrx_word' id='word_1_228' title='bbox 564 3414 594 3482; x_wconf 82' lang='lat'>1,</span> <span class='ocrx_word' id='word_1_229' title='bbox 613 3413 638 3470; x_wconf 87' lang='grc'>6.</span> <span class='ocrx_word' id='word_1_230' title='bbox 659 3441 688 3453; x_wconf 87' lang='lat'>·-</span> <span class='ocrx_word' id='word_1_231' title='bbox 726 3411 749 3482; x_wconf 80' lang='lat'>⁸)</span> <span class='ocrx_word' id='word_1_232' title='bbox 768 3416 866 3480; x_wconf 84' lang='lat' dir='ltr'>„Aliud</span> <span class='ocrx_word' id='word_1_233' title='bbox 884 3420 924 3469; x_wconf 83' lang='lat' dir='ltr'>est</span> <span class='ocrx_word' id='word_1_234' title='bbox 941 3413 1039 3466; x_wconf 80' lang='lat' dir='ltr'>ambire</span> <span class='ocrx_word' id='word_1_235' title='bbox 1058 3414 1120 3481; x_wconf 83' lang='lat' dir='ltr'>dig-</span> 
     </span>
     <span class='ocr_line' id='line_1_34' title="bbox 205 3496 1120 3567; baseline -0.004 -14"><span class='ocrx_word' id='word_1_236' title='bbox 205 3502 311 3556; x_wconf 82' lang='lat' dir='ltr'>nitatem</span> <span class='ocrx_word' id='word_1_237' title='bbox 329 3503 443 3554; x_wconf 88' lang='lat' dir='ltr'>humano</span> <span class='ocrx_word' id='word_1_238' title='bbox 460 3499 569 3567; x_wconf 80' lang='lat' dir='ltr'>affectu,</span> <span class='ocrx_word' id='word_1_239' title='bbox 594 3497 668 3552; x_wconf 80' lang='lat' dir='ltr'>aliud</span> <span class='ocrx_word' id='word_1_240' title='bbox 685 3499 778 3551; x_wconf 83' lang='lat' dir='ltr'>ardore</span> <span class='ocrx_word' id='word_1_241' title='bbox 795 3504 821 3552; x_wconf 85' lang='lat' dir='ltr'>ot</span> <span class='ocrx_word' id='word_1_242' title='bbox 837 3497 963 3550; x_wconf 82' lang='lat' dir='ltr'>desiderio</span> <span class='ocrx_word' id='word_1_243' title='bbox 980 3496 1045 3550; x_wconf 88' lang='lat' dir='ltr'>bone</span> <span class='ocrx_word' id='word_1_244' title='bbox 1063 3509 1120 3549; x_wconf 88' lang='lat' dir='ltr'>me-</span> 
     </span>
     <span class='ocr_line' id='line_1_35' title="bbox 202 3581 1121 3654; baseline -0.002 -16"><span class='ocrx_word' id='word_1_245' title='bbox 202 3585 276 3640; x_wconf 82' lang='lat' dir='ltr'>rendi</span> <span class='ocrx_word' id='word_1_246' title='bbox 294 3587 325 3639; x_wconf 81' lang='lat' dir='ltr'>de</span> <span class='ocrx_word' id='word_1_247' title='bbox 342 3583 490 3654; x_wconf 85' lang='lat' dir='ltr'>plurimis.“</span> <span class='ocrx_word' id='word_1_248' title='bbox 523 3582 550 3636; x_wconf 88' lang='lat' dir='ltr'>S.</span> <span class='ocrx_word' id='word_1_249' title='bbox 568 3584 647 3638; x_wconf 87' lang='lat' dir='ltr'>Bern.</span> <span class='ocrx_word' id='word_1_250' title='bbox 665 3597 705 3652; x_wconf 88' lang='lat' dir='ltr'>ep.</span> <span class='ocrx_word' id='word_1_251' title='bbox 724 3582 766 3638; x_wconf 76' lang='lat'>42.</span> <span class='ocrx_word' id='word_1_252' title='bbox 787 3611 819 3620; x_wconf 89' lang='lat'>-</span> <span class='ocrx_word' id='word_1_253' title='bbox 843 3581 960 3636; x_wconf 83' lang='lat' dir='ltr'>Historia</span> <span class='ocrx_word' id='word_1_254' title='bbox 978 3583 1009 3637; x_wconf 85' lang='lat' dir='ltr'>dc</span> <span class='ocrx_word' id='word_1_255' title='bbox 1027 3583 1121 3650; x_wconf 77' lang='lat' dir='ltr'>Moyse</span> 
     </span>
     <span class='ocr_line' id='line_1_36' title="bbox 205 3670 662 3739; baseline -0.007 -17"><span class='ocrx_word' id='word_1_256' title='bbox 205 3670 303 3738; x_wconf 73' lang='lat' dir='ltr'>legitur</span> <span class='ocrx_word' id='word_1_257' title='bbox 320 3671 402 3725; x_wconf 80' lang='lat' dir='ltr'>Exod.</span> <span class='ocrx_word' id='word_1_258' title='bbox 421 3670 485 3739; x_wconf 78' lang='lat' dir='ltr'>Gap.</span> <span class='ocrx_word' id='word_1_259' title='bbox 505 3671 554 3724; x_wconf 87' lang='lat'>111.</span> <span class='ocrx_word' id='word_1_260' title='bbox 572 3676 598 3722; x_wconf 83' lang='lat' dir='ltr'>et</span> <span class='ocrx_word' id='word_1_261' title='bbox 615 3670 662 3722; x_wconf 81' lang='lat' dir='ltr'>IV.</span> 
     </span>
    </p>
   </div>
   <div class='ocr_carea' id='block_1_6' title="bbox 0 0 1282 4150">
    <p class='ocr_par' dir='ltr' id='par_1_6' title="bbox 0 0 1282 4150">
     <span class='ocr_line' id='line_1_37' title="bbox 0 0 1282 4150; baseline 0 1"><span class='ocrx_word' id='word_1_262' title='bbox 0 0 1282 4150; x_wconf 95' lang='lat' dir='ltr'> </span> 
     </span>
    </p>
   </div>
  </div>
 </body>
</html>
