2554 4172
513 125 723 194 ..93-

112 297 275 384 qtaa'siti
290 294 429 362 ootulta
451 291 541 378 snntj
565 303 734 362 ostentare
751 301 912 375 oonatar,
942 299 1046 381 atoue
1069 297 1117 362 sio

111 417 180 484 per
212 395 454 484 impatientiam
487 417 594 482 usqne
625 393 669 477 ad
702 394 934 478 arrogantiam
967 393 1142 478 dunitnrp

14 583 20 590 ,
111 495 262 586 dumque
288 495 378 560 ,ferre
404 495 649 582 despectionem
670 515 737 559 non
764 503 890 579 potest,
928 493 1116 578 detegendo

114 595 332 680 semetipsum
360 596 395 660 in
423 596 645 660 ostentatione
676 593 847 678 gloriatur.
893 593 991 660 Unde
1013 597 1115 684 serip-

112 705 187 760 tnm
216 703 287 759 est:
319 693 483 760 Melior
512 701 577 759 eet
604 694 778 780 patiens
811 703 1065 778 arrogante.
1089 691 1115 779 ¹)
1200 735 1206 751 ·

115 792 210 872 Quia
230 791 390 862 videlieet
410 792 505 878 eligit
525 794 659 882 patiens
676 791 850 880 quaelibet
860 792 950 858 mala
971 795 1116 881 perpeti,

116 913 218 978 quam
239 915 301 979 per
323 895 554 958 ostentationis
575 893 695 960 vitiam
716 892 806 958 bona
825 913 889 958 sna
910 893 1042 958 oooulta
1063 916 1117 959 oo·

113 994 242 1078 gnosoi.
286 993 333 1058 At
360 1000 477 1058 eontra
500 993 593 1078 eligit
622 1015 785 1079 arrogans
814 991 905 1058 bona
931 992 973 1058 de
1002 1015 1037 1059 ee
1059 991 1115 1059 vel

112 1089 205 1158 falsa
228 1091 372 1177 jactari,
400 1113 443 1156 ne
470 1090 560 1157 mala
588 1093 695 1179 possit
724 1090 779 1158 vel
807 1084 950 1158 minima
976 1095 1118 1180 perpeti.
1149 1093 1164 1106 '

115 1189 209 1271 Quia
231 1190 351 1274 igitur,
382 1213 454 1256 oum
477 1192 642 1277 patientia
661 1191 885 1278 relinquitur,
908 1192 1008 1257 etiam
1030 1191 1117 1258 bona

98 1287 257 1375 ¹reliqua,
281 1310 368 1376 quae
384 1292 458 1378 jam
479 1300 576 1374 gesta
594 1301 684 1373 sunt,
708 1289 937 1375 destruuntur,
959 1299 1049 1358 reete
1072 1291 1124 1357 ad¹

115 1387 331 1454 Eaeohielem
351 1390 387 1454 in
409 1389 508 1456 altari
528 1391 595 1456 Dei
615 1391 692 1456 lieri
719 1391 812 1456 fossa
834 1393 1057 1478 praecipitur,
1078 1403 1121 1458 ut

115 1489 153 1553 in
174 1509 217 1554 ea
242 1487 397 1556 videlieet
426 1492 637 1579 superposita
663 1489 860 1557 holocausta
888 1501 1070 1560 serventur.
1089 1489 1119 1580 2)

117 1585 154 1654 Si
177 1587 320 1653 enimin
343 1588 442 1656 altari
462 1590 554 1657 fossa
575 1613 643 1658 non
668 1600 769 1674 esset,
792 1613 887 1657 omne
910 1591 999 1678 quod
1018 1593 1054 1658 in
1076 1615 1116 1660 eo

117 1688 316 1754 saerilioiam
336 1691 512 1776 reperiret,
534 1691 777 1778 superveniens
790 1711 875 1756 aura
896 1689 1115 1779 dispergeret.

117 1786 210 1868 Quid
231 1809 312 1853 vero
334 1789 515 1876 aeoipimus
537 1791 645 1856 altare
667 1789 744 1872 Dei,
768 1790 834 1856 nisi
853 1791 1002 1858 animam
1016 1793 1115 1880 justi,

119 1893 310 1971 qnaelqaot
331 1885 419 1953 bona
440 1889 563 1972 egerit,
585 1897 636 1954 tot
658 1910 760 1975 super
783 1911 818 1954 se
840 1899 919 1956 ante
942 1893 1015 1977 ejus
1039 1912 1115 1958 oeu-

117 1983 168 2050 los
192 1985 357 2052 saerifioia
378 1986 539 2074 imponit?
561 1987 654 2069 Quid
667 1997 777 2054 autem
801 1997 852 2053 est
871 1987 989 2055 altaris
1011 1988 1116 2072 fossa,

120 2083 187 2150 nisi
207 2083 370 2152 bonorum
394 2087 577 2172 patientia,
609 2107 696 2174 quae
717 2086 795 2152 dum
820 2097 964 2152 mentem
993 2088 1036 2154 ad
1057 2087 1115 2155 ad-

120 2205 218 2250 versa
239 2183 416 2251 toleranda
443 2183 611 2268 humiliat,
641 2185 739 2272 quasi
767 2207 858 2252 more
885 2184 1004 2251 foveae
1032 2186 1119 2253 hane

119 2283 241 2350 inimo
270 2287 415 2370 positam
445 2283 673 2351 demonstrat?
710 2288 818 2353 Fossa
848 2307 927 2370 ergo
956 2289 993 2352 in
1021 2285 1121 2352 altari

121 2381 191 2466 fiet,
213 2405 257 2448 ne
278 2385 523 2473 superpositum
546 2386 744 2451 sacrificium
766 2407 853 2452 aura
873 2386 1063 2475 dispergat:
1083 2383 1120 2452 it

124 2492 174 2549 eet
202 2481 381 2550 electorum
407 2507 501 2550 mens
531 2486 729 2571 patientiam
758 2485 940 2570 custodiat,
967 2509 1010 2552 ne
1033 2509 1121 2554 oom-

122 2589 209 2649 mota
230 2593 330 2652 vento
351 2584 581 2670 impatientiae
603 2594 637 2650 et
657 2585 731 2669 hoo,
759 2585 850 2673 quod
872 2587 959 2654 bene
981 2598 1125 2676 operata

124 2692 183 2766 eat,
198 2685 336 2751 amittat.
378 2684 471 2751 Bene
488 2695 600 2750 autem
612 2683 699 2752 haeo
710 2685 825 2752 eadem
840 2685 934 2754 fossa
951 2688 1052 2753 unius
1065 2706 1120 2752 ca·
1161 2679 1163 2683 ’

122 2778 187 2848 biti
201 2805 274 2848 esse
284 2791 502 2867 monstratum
518 2782 545 2871 3)
559 2784 643 2871 qnia
653 2785 820 2867 nimirum,
834 2785 863 2850 si
875 2783 1041 2871 patientia
1055 2805 1122 2852 nea

126 2879 295 2964 deseritur,
317 2885 456 2952 unitatis
477 2905 635 2950 mensura
651 2893 815 2950 servatur.
855 2883 954 2950 Unde
976 2883 1121 2960 etPau·

126 2975 180 3042 las
193 2978 255 3044 ait:
276 2981 460 3048 Invicem
481 3005 607 3050 onera
629 2989 774 3048 vestra
795 2992 979 3070 portate,
1003 2993 1042 3047 et
1064 2983 1121 3049 sie

128 3139 422 3152 m

159 3245 179 3310 ¹)
197 3241 283 3298 Eetla
301 3246 325 3312 l,
342 3244 370 3301 9.
387 3270 419 3286 -
438 3246 458 3310 ²)
475 3243 621 3314 nzoonts,
640 3243 682 3299 13.
700 3273 733 3284 -
752 3243 776 3314 ³)
793 3246 887 3299 Erech.
905 3244 947 3314 te,
967 3244 1008 3302 13.
1026 3245 1121 3314 Fossa,

192 3343 245 3384 ano
262 3329 350 3383 aubito
359 3330 414 3384 alta
430 3335 459 3384 at
471 3332 534 3398 late,
552 3347 586 3386 ex
600 3345 743 3386 marmoreo
754 3331 904 3401 parimento
917 3333 1009 3386 excisa
1026 3331 1120 3399 einge-

191 3414 237 3468 bat
254 3415 369 3484 undique
384 3416 467 3470 altare
484 3417 752 3486 nonmustorumtn
770 3432 849 3488 quam
866 3415 1022 3489 testebant
1039 3417 1119 3472 vieti-

189 3513 294 3556 ’ωιτη
317 3502 443 3571 monia,
478 3504 525 3572 qai
543 3503 635 3560 niueo
659 3519 706 3574 per
728 3503 911 3560 subterraneos
933 3503 1068 3560 armenios
1090 3503 1120 3559 in

191 3593 329 3644 omnen
346 3588 447 3646 (latmo
468 3588 616 3646 trabatur.
