2520 4152
518 157 860 226 ..200..=

136 329 233 390 sueto
255 319 353 389 melle
373 319 510 390 levibus
530 343 593 388 nee
614 325 735 408 gravia
757 321 1007 409 perhorrescet,
1034 331 1146 407 etque

136 419 180 485 ed
199 419 378 503 quemdem
401 421 633 488 auctoritatem
655 423 828 510 nequitiae
849 444 911 508 per
939 419 1056 508 culpas
1079 443 1148 488 nu·

135 521 215 589 trite
249 523 441 607 perveniam
478 531 512 586 et
542 530 635 587 tanto
665 523 701 586 in
729 520 916 608 majoribus
942 529 1158 588 oontemnat·

137 621 391 705 pertimescere,
417 631 543 703 quanto
560 622 597 686 in
612 622 757 688 minimis
773 619 889 687 didicit
905 642 972 686 non
993 620 1147 688 timendo

137 739 286 807 peecare.

200 820 246 884 At
268 829 383 886 eontra
404 818 603 886 admonendi
626 829 721 904 sunt,
754 821 813 907 qu'i
841 841 877 885 se
900 841 921 884 e
946 821 1061 905 parvis
1084 839 1149 886 ou·

139 917 305 1001 stodiunt,
337 918 395 984 sed
424 917 604 1004 aliquando
635 921 670 985 in
699 919 862 1004 gravibus
889 919 1160 1003 demergentia-,1

140 1027 178 1085 ut
201 1017 338 1084 sollicite
362 1020 489 1106 seipsos
514 1017 785 1104 deprehendent3
807 1021 886 1102 quia
908 1019 986 1084 dum
1007 1040 1063 1084 eor
1085 1041 1162 1086 eo··

138 1141 214 1182 rum
236 1117 278 1182 de
301 1119 473 1184 custoditis
489 1119 632 1183 minimis
649 1118 837 1200 extollitur,
860 1118 904 1184 ad
916 1118 1151 1205 perpetranda

138 1219 297 1302 graviora
318 1219 391 1303 ipeo
414 1216 568 1282 elationis
591 1241 672 1282 suae
694 1216 854 1284 barathro
876 1219 1083 1284 devorantur
1103 1215 1150 1302 ¹),

142 1326 176 1381 et
198 1317 379 1384 dum'foris
402 1317 468 1382 eibi
490 1339 597 1402 parve
619 1314 821 1402 subjiciunt,
844 1317 903 1382 sed
918 1339 985 1404 ¹per
1006 1318 1149 1382 inanem

139 1416 281 1510 gloriam
302 1417 393 1480 intus
416 1417 657 1496 intumescunt,
688 1416 851 1500 languore
882 1416 1061 1503 superbiae
1089 1419 1146 1484 in-

137 1518 303 1580 trinseous
325 1515 447 1582 vietam
468 1525 611 1581 mentem
633 1518 734 1580 etiem
755 1517 847 1581 foros
876 1539 938 1602 per
958 1515 1048 1582 mala
1068 1537 1144 1580 ma·
1251 1527 1252 1580 l

133 1615 211 1701 jore
225 1625 458 1700 ¹prosternunt.
499 1615 712 1681 Admonendi
733 1639 815 1702 ergo
838 1627 934 1698 eunt,
968 1617 1027 1699 qui
1057 1637 1092 1680 ee
1117 1637 1143 1679 a
1251 1619 1252 1624 ’

137 1715 253 1802 pervia
275 1715 485 1796 eumedium,
521 1713 579 1781 sed
609 1715 792 1802 aliquando
820 1718 854 1780 in
887 1715 1051 1801 gravibus
1081 1713 1152 1778 de··

137 1825 355 1898 merguntur,
380 1814 507 1882 neubi
534 1838 571 1880 ee
590 1825 688 1881 utare
718 1817 927 1882 extrinsecus
955 1817 1146 1896 aestimant,

137 1910 187 1977 ibi
208 1915 412 1981 intrinsecus
435 1913 575 1998 eadent,
608 1923 640 1980 et
657 1916 758 2002 juxte
781 1915 923 1982 districti
948 1916 1068 2003 judicis
1090 1934 1148 1978 re·

137 2010 352 2098 tributionem
382 2013 484 2082 elatio
513 2015 652 2084 minoris
675 2015 832 2100 justitiae
860 2015 918 2081 vie
945 2014 1004 2080 fiet
1032 2012 1077 2082 ed
1097 2013 1153 2078 fo·

136 2134 233 2202 veum
260 2113 427 2200 gravioris
457 2114 587 2202 culpae.
633 2115 703 2194 Qui
732 2117 820 2180 enim
849 2134 934 2179 vene
964 2111 1043 2178 elati
1066 2110 1154 2180 boni

137 2215 265 2284 minimi
286 2211 470 2290 custodium
493 2216 561 2282 euin
580 2215 711 2282 viribus
732 2214 902 2293 tribuunt,
925 2213 1018 2296 juste
1039 2209 1139 2272 dere·
1252 2255 1253 2272 t

137 2312 210 2378 limi
230 2311 339 2398 culpis
360 2313 546 2402 majoribus
562 2313 767 2394 obruuntur3
788 2320 823 2375 et
839 2307 988 2375 cadendo
1001 2308 1141 2373 diseunt

138 2433 206 2480 non
226 2411 332 2478 fuisse
355 2416 546 2502 proprium,
577 2413 665 2496 quod
686 2417 867 2490 steterunt,
900 2415 938 2473 ut
961 2405 1052 2472 male
1073 2406 1139 2470 im·

137 2532 254 2577 mense
275 2532 332 2579 cor
355 2516 557 2602 reprimant,
591 2508 679 2594 quod
701 2507 835 2572 minime
861 2505 952 2602 bone
972 2506 1138 2574 exultent.

137 2609 347 2680 Admonendi
370 2625 466 2698 eunt,
488 2619 525 2683 ut
546 2607 770 2688 considerent,
802 2605 892 2696 quod
914 2616 948 2673 et
968 2608 1006 2676 in
1027 2605 1138 2696 oulpir

138 2695 354 2798 gravioribus
375 2715 448 2782 'ulto
473 2720 571 2791 reatu
597 2730 635 2774 ee
664 2706 830 2793 obligant,
864 2717 898 2774 et
924 2717 1037 2776 tamen
1063 2704 1135 2794 ple·

139 2832 279 2895 rumque
307 2814 341 2879 in
370 2812 502 2900 parvis,
534 2829 620 2890 quae
642 2805 849 2891 eumedium,
882 2807 1032 2875 deterius
1058 2827 1136 2895 pee-

114 2931 118 2938 ·
140 2919 232 2994 oent3
255 2913 335 2998 quit
357 2921 393 2977 et
410 2913 446 2974 in
466 2905 537 2971 illie
557 2907 673 2990 inique
692 2907 840 2990 leniunt,
873 2918 906 2973 et
927 2908 1078 2996 perinte
1100 2925 1138 2972 ee

139 3008 340 3094 hominibus,
355 3006 442 3096 quod
453 3004 563 3092 iniqui
578 3015 802 3094 eunttegunt.
832 3007 931 3078 Unde
941 3008 991 3093 fit,
1012 3017 1050 3073 ut
1061 3027 1138 3072 oum

140 3109 368 3199 majoremele
381 3110 576 3195 perpetrant
590 3113 708 3175 ‘coram
729 3105 823 3194 Deo,
847 3118 986 3197 apertae
1011 3099 1136 3192 iniqui·

140 3213 223 3298 tutis
244 3211 287 3277 eit
301 3205 344 3296 ²),
368 3213 400 3270 et
419 3229 494 3285 oum
516 3229 622 3304 parve
644 3209 733 3278 bona
751 3209 941 3279 custodiunt
951 3229 1065 3285 eornm
1078 3203 1138 3276 ho·

139 3303 303 3390 minibus,
325 3303 501 3384 ,simulatae
517 3310 715 3378 sanctitatis.
758 3311 845 3378 Hiuo
861 3317 914 3377 eet
931 3307 1028 3387 enim,
1049 3303 1140 3389 quod

142 3407 337 3483 Pueruneir
355 3407 494 3478 dieitur:
524 3409 764 3498 Liquentee
784 3409 977 3492 eulioem,
1007 3427 1138 3473 oame-

175 3624 196 3687 ¹)
213 3623 276 3678 Alit
295 3625 487 3685 devoraturum
505 3643 558 3685 eor.
577 3657 610 3667 ··
628 3625 650 3694 ²)
666 3625 733 3682 Alit.
750 3615 811 3680 tln't.
