2556 4150
556 237 596 258 -
640 204 767 271 ῃ..

161 365 308 435 dimento
334 379 532 437 contemnat
578 369 676 440 Unde
709 393 874 460 supernae
904 393 1038 460 quoque
1065 373 1160 440 vocis

161 466 298 554 imperio
320 469 355 535 in
378 479 518 560 utroque
540 470 677 538 humero
691 469 848 539 sacerdos
862 471 1027 538 velamine
1044 495 1159 560 super·

160 564 345 634 humeralis
368 568 591 656 adstringitur
612 571 655 659 ¹),
677 581 848 637 utcontra
866 571 1011 638 adversa
1029 594 1069 638 ac
1081 596 1159 660 pro·

162 687 262 752 spera
290 669 450 736 virtutum
472 693 601 758 semper
629 681 825 738 ornamento
851 673 1039 756 muniatur,
1075 694 1160 758 qua-

160 775 259 831 tenus
280 768 375 834 iuxta
398 791 512 835 vocem
543 771 645 836 Pauli
668 768 712 858 ²),
748 794 808 858 per
836 791 929 837 arma
951 772 1106 858 justitiae
1137 793 1160 835 a

162 863 289 932 dextris
317 869 528 956 sinistrisque
557 870 737 956 gradiens,
772 894 846 938 cum
878 868 920 935 ad
949 870 1038 954 sola,
1071 893 1159 958 quae

161 968 331 1032 anteriora
352 965 378 1054 3)
401 978 495 1052 sunt,
517 971 653 1051 nititur,
680 972 715 1035 in
736 969 832 1036 nullo
855 970 1085 1036 delectationis
1108 970 1159 1036 in·

160 1065 258 1134 fimae
281 1069 387 1134 latere
409 1067 572 1133 flectatur.
616 1067 691 1133 Non
717 1068 806 1135 hunc
827 1091 989 1158 prospera
1012 1070 1159 1151 elevent,

161 1189 228 1230 non
251 1167 393 1231 adversa
421 1168 635 1254 perturbent,
669 1191 736 1234 non
758 1168 883 1236 blanda
905 1191 1012 1257 usque
1035 1167 1079 1234 ad
1100 1190 1158 1235 vo·

160 1263 325 1353 luptatem
346 1266 574 1348 demulceant,
597 1291 664 1334 non
687 1289 808 1352 aspera
830 1269 874 1334 ad
890 1267 1159 1356 desperationem

160 1375 328 1451 premant3
350 1377 387 1430 ut
403 1366 478 1431 dum
494 1367 597 1432 nullis
612 1365 1053 1453 passionibusintentionem
1065 1388 1157 1431 men-

160 1462 203 1526 tis
225 1461 392 1549 humiliat,
416 1477 543 1552 quanta
565 1468 601 1531 in
621 1477 768 1550 utroque
789 1464 926 1530 humero
943 1464 1158 1551 superhume-

160 1561 243 1628 ralis
274 1563 519 1650 pulchritudine
547 1576 697 1650 tegatur,
732 1563 895 1628 ostendat.
940 1563 1039 1642 Quod
1067 1573 1158 1629 recte

90 1733 93 1738 ¹
160 1664 261 1726 etiam
284 1663 558 1750 superhumerale
582 1689 624 1729 ex
647 1687 746 1745 auro,
770 1662 971 1750 hyacintho,
992 1685 1157 1747 purpura,

159 1761 211 1828 bis
234 1765 337 1830 tincto
362 1788 473 1846 cocco,
505 1775 539 1830 et
560 1775 649 1830 torta
671 1763 744 1828 fieri
766 1763 868 1850 bysso
891 1761 1097 1849 praecipitur
1114 1759 1157 1843 t),

159 1870 197 1924 ut
218 1874 344 1948 quanta
375 1863 530 1930 sacerdos
558 1863 746 1929 clarescere
773 1863 934 1926 virtutum
963 1859 1159 1923 diversitate

159 1959 300 2045 debeat,
327 1963 577 2030 demonstretur.
623 1963 663 2027 In
687 1961 867 2028 sacerdotis
890 1959 1014 2047 quippe
1038 1956 1158 2022 habitu

158 2069 243 2126 ante·
258 2066 368 2129 omnia
391 2087 511 2129 aurum
531 2062 659 2148 fulget,
692 2072 729 2127 ut
759 2061 796 2125 in
825 2082 863 2125 eo
888 2057 1080 2125 intellectus
1103 2077 1157 2121 sa·

156 2161 303 2246 pientiae
331 2161 560 2251 principaliter
588 2162 714 2226 emicet.
758 2159 823 2226 (iui
845 2155 1064 2246 hyacinthus,
1098 2155 1156 2242 qui

156 2267 255 2327 atreo
278 2261 386 2328 colore
409 2261 627 2348 resplendet,
651 2259 867 2347 adjungitur,
899 2265 936 2320 ut
958 2277 1019 2341 per
1047 2274 1155 2336 omne,

157 2357 246 2443 quod
268 2359 485 2445 intelligendo
508 2369 679 2447 penetrat,
704 2380 770 2423 non
794 2357 838 2421 ad
858 2356 993 2421 favores
1015 2355 1155 2435 infimos,

158 2456 216 2522 sed
244 2457 288 2520 ad
324 2481 469 2523 amorem
508 2458 701 2524 coelestium
731 2467 865 2541 surgat,
899 2477 942 2521 ne
978 2453 1056 2552 durp
1086 2453 1155 2518 suis

157 2554 312 2620 incautus
338 2555 496 2622 laudibus
519 2557 668 2645 capitur,
704 2556 776 2641 ipso
807 2556 907 2619 etiam
930 2553 1082 2620 veritatis
1104 2553 1153 2618 in·

156 2652 293 2720 tellectu
315 2665 488 2721 vacuetur.
533 2655 624 2721 Auro
648 2676 782 2741 quoque
812 2663 844 2719 et
865 2649 1047 2742 hyacintho
1075 2671 1153 2740 pur·

155 2776 243 2841 pura
265 2757 498 2844 permiscetur3
520 2765 558 2823 ut
579 2755 735 2821 videlicet
756 2755 964 2820 sacerdotale
987 2759 1057 2832 cor,
1080 2771 1153 2816 curn

158 2876 284 2919 summa
312 2877 400 2942 quae
422 2855 611 2944 praedicat,
635 2865 763 2942 sperat,
788 2855 823 2921 in
845 2853 1025 2938 semetipso
1054 2853 1154 2916 etiam

156 2954 391 3038 suggestiones
412 2957 568 3021 vitiorum
590 2953 765 3041 reprimat,
788 2955 905 3041 eisque
926 2950 1019 3016 velut
1040 2973 1084 3016 ex
1101 2971 1152 3014 re·

155 3053 212 3137 gia
233 3055 397 3140 potestate
419 3053 637 3138 contradicat,
662 3063 827 3142 quatenus
849 3051 1057 3120 nobilitatem
1070 3071 1152 3116 sem·

156 3175 218 3242 per
234 3155 370 3221 intimae
384 3156 647 3240 regenerationis
662 3154 819 3240 aspiciet,
842 3161 876 3216 et
892 3148 1048 3219 coelestis
1057 3149 1154 3234 regni

157 3253 222 3319 sibi
242 3251 395 3320 habitum
415 3253 562 3320 moribus
584 3251 752 3319 defendat.
795 3251 849 3316 De
871 3252 935 3318 hac
954 3253 1080 3339 quippe
1095 3271 1153 3316 no·

157 3352 287 3419 bilitate
316 3354 455 3441 spiritns
488 3377 549 3440 per
578 3353 714 3420 Petrum
736 3353 871 3418 dicitur:
900 3352 983 3418 Vos
1013 3358 1153 3414 autem

193 3569 1150 3644 amnne-¹mceas-unnmmaa

243 3657 264 3724 ⁴)
281 3660 365 3716 Eroti.
381 3660 430 3731 28,
447 3660 473 3716 8.
906 3693 910 3699 .
1108 3662 1111 3668 ’
