2556 4150
546 178 749 274 465-

146 375 232 442 illud
253 373 374 440 mentis
396 375 581 441 intentione
604 369 805 441 custodiunt.
849 373 977 461 inquo
1008 383 1041 438 et
1062 375 1145 456 civi·

147 486 249 544 tatem
270 473 460 540 Jerusalem
483 473 647 561 jubentur
675 471 879 552 describere3
913 473 993 560 quia
1014 471 1145 559 praedi·

149 573 253 640 cando
274 575 417 640 terrenis
438 571 590 638 cordibus
612 581 732 638 curant
750 587 973 659 summopere,
998 573 1147 661 quaesit

151 690 316 760 supernae
347 673 439 760 pacis
469 671 570 754 visio,
607 669 842 736 demonstrare.
893 668 960 736 Sed
989 673 1069 756 quia
1093 673 1143 737 in·

112 824 114 840 t
150 792 280 839 cassum
303 771 406 857 gloria
435 771 567 854 patriae
596 769 747 836 coelestis
776 771 992 856 agnoscitur,
1024 771 1090 835 nisi
1112 779 1152 834 et·

150 881 277 959 quauta
293 869 348 934 hic
365 871 496 934 irruant
514 869 618 934 bostis
634 868 745 935 callidi
763 879 980 951 tentamenta,
1002 890 1142 936 noscan-

148 981 221 1053 tur,
245 979 322 1058 apte
344 966 573 1055 subjungitur:
608 969 659 1033 Et
681 967 910 1035 ordinabis
932 966 1144 1034 adversus

149 1088 238 1134 eam
268 1065 545 1150 obsidionem,
584 1077 621 1132 et
656 1067 917 1134 aedificabis
945 1068 1142 1133 munitio·

148 1191 230 1235 nes.
276 1167 389 1232 Sancti
412 1167 535 1252 quippe
558 1165 805 1252 praedicatores
829 1167 1032 1234 obsidionem
1054 1169 1142 1232 circa

149 1267 302 1350 laterem,
327 1268 359 1330 in
381 1287 445 1352 quo
463 1263 652 1330 Jerusalem
671 1267 791 1330 civitas
817 1267 984 1353 descripta
1002 1277 1068 1349 est,
1092 1289 1141 1332 or·

147 1367 277 1446 dinant,
310 1363 443 1452 quando
464 1374 620 1429 terrenae
643 1365 761 1445 menti,
795 1364 853 1428 sed
870 1366 939 1450 jam
962 1385 1142 1451 supernam

146 1466 286 1550 patriam
308 1464 507 1548 requirenti,
531 1471 658 1548 quanta
681 1485 754 1526 eam
775 1465 810 1526 in
832 1461 934 1548 hujus
953 1465 1041 1528 vitae
1060 1473 1141 1528 tem-

145 1577 224 1647 pore
258 1562 415 1628 vitiorum
453 1563 626 1648 impugnet
658 1559 867 1641 adversitas,
906 1559 1140 1627 demonstrant.

145 1656 230 1726 Nam
252 1657 326 1728 cum
346 1659 605 1746 unumquodque
627 1669 817 1746 peecatum,
853 1658 1012 1744 quomodo
1041 1660 1141 1745 proti-

145 1758 309 1826 cientibus
331 1759 524 1842 insidietur,
547 1759 743 1842 ostenditur,
782 1758 880 1844 quasi
902 1755 1028 1823 obsidio
1051 1757 1142 1822 circa

144 1861 313 1925 civitatem
344 1859 531 1924 Jerusalem
567 1879 649 1923 voce
686 1856 924 1946 praedicatoris
955 1855 1140 1920 ordinatur.

117 1955 218 2022 'Sed'
244 1958 324 2044 quia
356 1979 424 2023 non
456 1954 562 2023 solum
589 1955 712 2021 debent
736 1955 962 2037 innotescere,
997 1953 1141 2040 qualiter

143 2057 226 2122 vitia
255 2058 469 2144 impugnent,
503 2074 619 2121 verum
650 2057 750 2121 etiam
773 2051 933 2140 quomodo
956 2051 1139 2118 custoditae

144 2176 204 2223 nos
227 2158 367 2223 virtutes
388 2155 563 2238 roborent,
585 2163 675 2220 recte
698 2152 927 2240 subjungitur:
955 2146 1005 2216 Et
1025 2149 1137 2215 aedis

144 2252 301 2323 ficabis
320 2256 586 2322 munitiones.
629 2255 833 2322 Munitiones
857 2253 980 2338 quippe
1004 2256 1140 2316 sanctus

146 2355 357 2442 praedicator
379 2354 549 2436 aedificat,
574 2352 725 2440 quando,
749 2373 836 2438 quae
858 2352 1000 2416 virtutes
1019 2348 1140 2435 quibus

146 2452 305 2519 resistant
325 2453 430 2535 vitiis,
452 2451 666 2517 demonstrat.
708 2447 753 2516 Et
775 2447 854 2534 quia
881 2459 1051 2514 crescente
1073 2449 1139 2513 tir·

145 2549 420 2638 tttteplerumque
429 2545 517 2616 bella
528 2550 722 2616 tentationis
736 2557 913 2634 augentur,
930 2557 1020 2613 recte
1030 2543 1141 2613 adbuc

147 2639 298 2718 additur:
330 2651 382 2716 Et
403 2646 687 2735 comportabis
708 2665 923 2734 aggerem,
952 2655 989 2711 e’t
1013 2644 1139 2713 dabis

146 2760 298 2818 contra
317 2772 403 2814 eam
421 2759 574 2831 castra,
593 2757 631 2812 et
648 2769 776 2834 pones
794 2747 952 2812 arictes
970 2748 1011 2810 in
1029 2769 1139 2835 gyro.

145 2849 320 2936 aggerem·
343 2863 490 2934 numque
524 2855 728 2932 comportat,
764 2845 898 2932 quando
928 2843 1141 2932 praedicator

147 2949 298 3036 quisque·
317 2947 438 3014 molem
462 2946 645 3012 crescentis
674 2946 868 3012 tentationis
891 2946 1053 3013 enuntiat.
1096 2943 1141 3009 Et

145 3055 269 3114 cudda·
289 3046 475 3113 Ierusalem
502 3055 614 3112 castra
644 3046 762 3130 erigit,
797 3041 934 3135 quando
953 3053 1069 3110 rectae·
1090 3045 1139 3111 in·

145 3145 290 3213 teritioui‘
309 3144 512 3213 audientium
532 3139 638 3212 hostis
659 3143 772 3210 callidi
797 3149 1077 3231 circumspectas,
1108 3151 1141 3207 et

116 3246 119 3251 ’
146 3245 244 3337 quasi
268 3238 621 3334 incomprehensibiles
642 3241 781 3310 insidias
811 3238 984 3330 praedicit
1027 3241 1140 3328 Atque

144 3347 267 3421 arictes
288 3346 325 3420 ia
346 3367 429 3434 gyro
455 3346 566 3432 ponit,
600 3367 675 3424 oum
702 3346 924 3411 tentationum
947 3340 1085 3410 aculeos
1104 3341 1140 3406 in

111 3447 114 3458 ‘
144 3444 305 3514 hee-vita
322 3468 384 3514 noe
402 3445 550 3535 undique
566 3443 828 3528 eircumdantes,
850 3444 1055 3519 etrirtutum
1064 3463 1144 3509 mu·

143 3563 218 3612 rum
239 3543 452 3634 perforantes
472 3544 658 3615 innotescit.
