2554 4172
550 199 774 262 ..100...

156 349 300 455 lpuitiam
313 363 560 447 demerguntur.
605 361 658 424 De
670 359 726 424 illo
742 383 887 447 namque
911 363 1068 447 scriptum
1091 369 1164 426 est:

159 461 329 529 Invidia
351 471 490 528 autem
512 460 672 526 diaboli
693 482 803 525 mors
826 461 1010 526 intravit
1029 462 1068 524 iu
1091 481 1161 525 or·

159 563 246 628 bem
274 571 496 632 terrarum.
517 557 544 644 1)
586 560 677 641 Quia
706 561 792 624 enim
826 561 899 647 ipse
928 560 1057 626 eoelum
1077 580 1157 647 per·

156 648 251 750 llidit,
275 659 408 728 condito
435 661 496 726 boc
525 657 650 725 homini
679 658 818 743 invidit,
854 669 886 746 ct
908 659 1158 724 damnationem

157 751 254 850 “suam
276 760 427 850 perditus
448 756 654 824 adhuealios
668 759 838 852 perdendo
860 758 1053 824 cumulavit.
1082 755 1155 822 Ad·

158 853 316 930 inoncndi
337 870 414 926 sunt
435 859 553 940 invidi,
576 869 614 924 ut
635 869 856 944 cognoscant,
890 858 1026 945 quantis
1047 857 1156 944 lapsi·

157 959 222 1027 bus
245 957 483 1028 succrescentis
509 959 628 1023 ruinae
657 956 868 1044 subjaceant3
903 959 984 1044 quia
1013 955 1090 1021 dum
1111 955 1155 1020 li·

156 1047 269 1128 norem
291 1081 311 1124 a
333 1056 429 1128 corde
455 1079 522 1122 non
549 1059 749 1144 projiciunt,
781 1057 824 1136 ad
851 1057 986 1140 apertas
1014 1077 1155 1142 operum

154 1161 327 1248 nequitias
344 1156 575 1223 devolvuntur.
605 1157 679 1222 Nisi
697 1160 783 1223 enim
797 1159 881 1224 Cain
897 1157 1073 1222 invidisset
1095 1175 1152 1220 ac-

153 1248 287 1348 ‘ceptam
308 1256 423 1322 fratris
444 1255 603 1339 hostiam,
633 1259 766 1322 minime
794 1259 1005 1343 pervenisset
1025 1255 1068 1319 ad
1090 1277 1151 1320 ex·

154 1355 371 1448 tinguendam
380 1357 491 1421 vitam.
524 1353 623 1443 Unde
637 1357 869 1442 scriptumest:
890 1356 942 1420 Et
958 1357 1152 1442 respexit

154 1455 359 1522 Dominus
389 1455 439 1520 ad
465 1453 570 1519 Abel
603 1455 722 1518 etad
751 1475 927 1520 munera
956 1455 1063 1540 ejus3
1097 1453 1149 1522 ad

152 1543 254 1630 Cain
275 1577 376 1621 vcro
399 1563 442 1619 et
463 1553 514 1619 ad
534 1575 709 1619 munera
732 1554 825 1640 ejus
848 1576 925 1618 non
947 1555 1148 1640 respexit.

152 1653 387 1740 {ratusque
412 1664 477 1718 est
500 1652 606 1718 Cain
636 1653 924 1734 vehementer,
955 1662 993 1717 et
1015 1656 1147 1719 eonci-

153 1749 213 1818 dit
235 1751 378 1819 vultus
400 1755 436 1840 ej
450 1776 472 1819 u
486 1776 510 1816 s.
529 1751 555 1838 ²)
597 1751 835 1838 Livoritaque
858 1750 1013 1818 sacrificii
1035 1753 1146 1839 fratri·¹

152 1843 231 1920 'eidii
246 1852 465 1917 'seminarium
486 1851 559 1916 fuit.
603 1851 689 1916 Nam
711 1873 808 1937 quem
830 1850 998 1915 meliorem
1021 1875 1056 1917 se
1072 1874 1147 1918 esso

153 1942 267 2030 doluit,
290 1973 331 2015 ne
352 1960 531 2038 utcumque
554 1958 652 2030 esset,
675 1950 871 2037 amputavit.
887 1947 913 2035 3)
956 1949 1146 2019 Dicendum

152 2059 204 2118 cst
214 2048 350 2133 invidis,
380 2051 460 2138 quia
484 2049 561 2115 dum
584 2071 618 2114 se
641 2051 706 2114 ista
727 2045 929 2126 intrinsecus
950 2060 1045 2137 peste
1066 2063 1144 2119 con-¹

151 2141 307 2234 sumunt,
339 2151 436 2215 etiam
468 2148 629 2237 quidquid
658 2149 693 2213 in
725 2172 760 2214 se
793 2137 882 2214 aliud
911 2149 991 2217 boni
1019 2149 1143 2216 habere

149 2248 321 2331 videntur,
356 2249 561 2314 interimunt.
612 2247 710 2312 Unde
741 2251 899 2334 scriptum
932 2261 997 2314 est:
1032 2247 1142 2311 Vita

150 2346 342 2414 earnium
371 2348 541 2412 sanitas
571 2345 739 2426 cordis,
771 2351 955 2433 putredo
985 2347 1141 2412 ossium

148 2447 162 2510 i
171 2445 350 2512 uvidis.
366 2447 395 2531 l)
439 2445 530 2527 Quid
559 2447 645 2510 enim
676 2469 736 2531 por
766 2469 887 2514 carnes
916 2451 982 2513 nisi
1012 2446 1144 2511 infirma

150 2537 312 2635 'quaedam
342 2568 382 2610 ac
413 2555 549 2625 tenera,
581 2556 613 2608 et
643 2546 723 2632 quid
749 2571 810 2634 per
839 2571 914 2614 ossa
943 2549 1009 2614 nisi
1041 2547 1144 2613 fortia

149 2655 226 2737 acta
249 2645 449 2728 signantur?
471 2633 516 2708 Et
535 2643 735 2732 plerumque¹
753 2649 926 2732 contingit,
949 2659 987 2712 ut
1009 2647 1140 2734 quidam

149 2754 222 2810 'cum
246 2743 356 2809 cordis
378 2744 568 2810 innocentia
592 2745 626 2809 in
654 2746 826 2812 nonnullis
848 2748 916 2813 suis
938 2747 1072 2813 actibus
1092 2747 1140 2810 in·

147 2845 233 2909 lirmi
254 2843 443 2924 videantur,
468 2844 600 2929 quidam
615 2867 693 2911 vcro
710 2847 781 2933 jam
800 2847 965 2933 quaedam
980 2857 1060 2911 ante
1081 2844 1139 2909 hu-

147 2957 262 3010 manos
290 2943 402 3011 oculos
432 2943 572 3008 robusta
602 2958 797 3028 exerceant,
829 2945 887 3012 sed
915 2957 1027 3012 tamen
1061 2965 1146 3030 erga

149 3041 287 3108 aliorum
316 3040 405 3109 bona
435 3043 523 3108 intus
552 3045 700 3112 invidiae
731 3045 924 3132 pestilentia
953 3046 1144 3110 tabescant.

145 3141 236 3207 Bene
260 3164 339 3226 crgo
362 3143 496 3209 dicitur:
525 3144 624 3209 Vita
647 3145 837 3210 earnium
860 3145 1030 3210 sanitas
1052 3165 1141 3209 eor·

147 3239 225 3323 dis3
256 3239 335 3327 quia
358 3241 386 3304 si
408 3244 526 3308 mentis
548 3245 741 3310 innocentia
763 3243 963 3328 custoditur,
989 3245 1088 3311 ctiam
1112 3245 1143 3306 si

146 3339 215 3438 duo
236 3338 318 3404 foris
339 3341 469 3407 infirma
488 3353 588 3425 sunt,
614 3341 815 3430 quandoque
839 3343 1052 3412 roborantur.
1095 3341 1143 3408 Et

179 3554 200 3623 ¹)
218 3552 282 3636 Sap3
293 3557 321 3636 12,
340 3555 382 3638 24
401 3588 433 3598 -
452 3558 474 3628 ²)
491 3555 586 3613 (lenes.
604 3559 630 3628 4,
647 3559 671 3614 4.
691 3591 722 3600 -
743 3561 764 3632 ¹)
780 3565 845 3618 Alit.
865 3567 978 3636 renunt,
1004 3567 1023 3624 i.
1047 3579 1069 3619 c.
1097 3564 1142 3620 ei-

217 3633 334 3710 iccit'ut
350 3635 431 3730 irater
442 3633 645 3702 'murinarum
672 3635 704 3688 ὲ
724 3645 749 3718 ⁴)
768 3649 844 3704 Prot.
863 3650 904 3722 14,
922 3650 964 3721 30,
1060 3635 1063 3643 ’
