2556 4150
470 125 472 128 ,
554 139 677 249 ..ln
720 215 759 228 “

150 349 270 429 oflicii,
292 358 331 416 ιιι
351 350 387 416 in
407 345 532 416 alienis
555 366 691 433 quoquc
713 342 1158 436 cordibuspollutionisma-

90 505 93 512 .
152 449 248 519 cules
269 455 394 534 tergat:
420 447 501 534 quia
522 465 661 511 necesse
684 450 752 526 est,
782 453 819 513 ut
840 465 914 510 esse
937 443 1063 522 munda
1082 453 1155 517 stn-

154 548 235 616 deat
261 571 401 629 manus,
437 566 524 632 quae
554 541 826 612 dilueresordes
853 553 972 629 curatp
991 567 1032 610 ne
1065 555 1157 628 tacta
1193 546 1195 551 ’

156 669 313 736 quaeque
334 645 485 710 deterius
506 645 675 731 inquinet,
692 703 694 712 ,
710 644 741 724 si
758 642 898 728 ¹sordida
923 645 1106 730 insequens
1127 645 1155 732 ¹.)

154 747 264 814 lutum
286 755 385 812 tenet.
428 745 517 810 Hinc
536 765 681 829 namque
704 765 764 828 per
790 743 992 830 Prophetam
1020 745 1156 815 dicitur:

54 888 57 892 -
155 845 432 926 Mundamini,
457 844 528 930 qui
549 842 678 908 fertis
701 864 803 907 vasa
824 841 999 908 Domini.
1020 844 1046 928 ²)
1083 842 1155 923 Do·

152 945 235 1012 mini
258 944 381 1019 etenim
404 963 488 1008 vasa
515 941 647 1024 ferunt,
683 943 741 1028 qui
770 942 996 1027 proximorum
1025 943 1155 1009 animas

149 1043 199 1114 ad
220 1053 361 1110 aeterna
384 1041 536 1110 sacraria
558 1040 792 1128 perducendas
816 1043 849 1108 in
873 1063 955 1108 suae
978 1043 1155 1109 conver'sa'-

152 1144 254 1212 tionis
274 1142 338 1207 fide
364 1141 562 1227 suscipiunt.
607 1141 708 1228 Apud
731 1142 927 1226 semetipsos
950 1162 1030 1225 ergo
1047 1161 1154 1226 quan-

153 1253 223 1310 tum
246 1240 393 1308 debeant
413 1239 565 1306 mundari
589 1239 814 1326 conspiciant>
839 1241 898 1326 qui
915 1239 957 1330 ad
975 1239 1153 1309 aeternite-

152 1345 196 1408 tis
216 1340 376 1427 templum
398 1361 483 1404 vasa
504 1339 653 1406 viventia
675 1341 712 1404 in
734 1340 808 1406 sinn
832 1340 988 1426 propriae
1003 1341 1153 1426 sponsio-

155 1443 207 1508 nis
234 1449 380 1529 portant.
423 1439 511 1504 Hinc
539 1439 656 1506 divina
684 1460 765 1505 voce
796 1440 1019 1525 praecipitur,
1054 1448 1093 1504 ut
1119 1439 1155 1502 in

152 1541 268 1608 Aaron
297 1550 430 1624 pectore
453 1539 620 1606 rationale
638 1537 760 1625 judieii
780 1538 873 1604 vittis
892 1537 1079 1629 ligantibus
1094 1539 1153 1602 im·

151 1642 330 1727 primatum
359 1647 528 1725 quatenus
551 1638 756 1705 sacerdotale
780 1645 836 1704 cor
865 1657 1079 1725 nequaquam
1100 1660 1152 1707 co-

151 1741 332 1822 gitationes
353 1738 465 1804 fluxae
487 1737 695 1825 possideant,
719 1736 779 1804 sed
800 1739 885 1802 ratio
900 1736 973 1802 sola
986 1738 1152 1804 constrin-

149 1847 228 1924 ,gat3
259 1859 319 1902 nec
340 1835 557 1904 indiscretum
581 1835 661 1924 quid
691 1837 746 1902 vel
775 1836 894 1902 inutile
917 1836 1059 1922 cogitet,
1093 1838 1153 1924 qui

150 1937 196 2002 ad
228 1936 415 2022 exemplum
446 1936 525 2002 aliis
558 1937 756 2002 constitutus
787 1959 828 2002 ex
857 1938 1038 2022 gravitate!
1059 1937 1149 2002 vitae

154 2055 285 2120 semper
307 2033 406 2102 debet
428 2036 618 2116 ostendere,
651 2037 868 2122 quantumin
891 2045 1026 2122 pectore
1047 2035 1150 2101 retie-

150 2155 226 2200 nem
249 2143 366 2220 portet.
388 2132 414 2223 3)
458 2135 499 2200 In
523 2155 589 2219 quo
603 2134 704 2198 etiam
718 2132 876 2200 rationali
888 2135 1072 2218 vigilanter
1091 2132 1149 2198 ad·

138 2233 317 2320 jungitur,
351 2240 390 2297 ut
418 2231 591 2299 duodecim
619 2231 896 2311 Patriarcharum
926 2233 1061 2300 nomina
1091 2232 1147 2298 de·

147 2332 350 2400 scribantur.
393 2332 589 2419 Adscriptos
613 2333 735 2398 etenim
751 2343 867 2419 patres
888 2354 1018 2420 semper
1034 2332 1070 2396 in
1088 2353 1146 2420 pe·

146 2440 237 2498 ctcre
258 2433 367 2514 ferre,
392 2441 445 2496 est
467 2436 679 2517 antiquorum
697 2434 799 2498 vitam
819 2434 892 2498 sine
907 2431 1147 2500 intermissione

146 2533 306 2617 cogitare.
346 2531 433 2598 Nam
451 2542 531 2600 tune
550 2533 704 2598 sacerdos
718 2532 1060 2620 irreprehensibiliter
1070 2553 1147 2618 gra-

142 2631 253 2716 ditur,
284 2655 358 2698 cum
380 2630 538 2718 exempla
569 2631 705 2698 Patrum
727 2633 1000 2718 praecedentium
1022 2633 1147 2700 indesi-

144 2742 265 2798 nenter
288 2735 456 2814 intuetur,
486 2753 560 2796 cum
590 2728 786 2808 Sanctorum
807 2732 951 2816 vestigia
980 2733 1052 2818 sine
1074 2753 1145 2796 ees·

142 2831 275 2896 satione
297 2829 505 2912 considerat,
530 2839 562 2894 et
584 2831 802 2914 cogitationes
825 2831 959 2898 illicitas
977 2831 1145 2918 deprimit,

144 2949 188 2992 ne
211 2937 308 2993 extra
330 2925 455 2994 ordinis
478 2929 617 2994 limitem
631 2931 743 3015 operis
757 2929 877 3018 pedem
890 2931 1016 3000 tendat.
1046 2929 1147 3012 Quod

141 3021 227 3088 bene
259 3029 360 3092 etiam
392 3027 554 3094 rationale
581 3026 704 3114 judieii
738 3039 896 3113 vocatur3
934 3033 1013 3118 quia
1045 3031 1145 3097 debet

140 3131 254 3188 rector
274 3126 391 3192 subtili
411 3150 541 3213 semper
564 3127 718 3195 examine
741 3125 830 3194 bona
850 3131 1008 3219 malaque
1026 3132 1148 3198 discer-

142 3241 224 3288 ncre
236 3270 246 3304 ‚
272 3233 416 3311 atquae
438 3227 494 3294 vel
517 3226 654 3313 quibus,
677 3227 813 3315 quando
835 3229 890 3295 vel
911 3231 1057 3317 qualiter
1069 3252 1147 3296 con·

140 3329 285 3405 gruem,
309 3323 457 3392 studiose
481 3329 652 3413 cogitare,
673 3325 826 3414 nihilque
847 3330 1019 3416 proprium
1039 3349 1146 3415 quae·

138 3441 217 3486 rere
224 3469 235 3506 ,
270 3419 330 3488 sed
353 3445 415 3490 sua
436 3426 604 3494 commoda
625 3428 890 3523 propipquorum
921 3426 1010 3493 bona
1039 3425 1145 3515 depu-

132 3590 145 3618 “’
177 3631 197 3693 ·)
215 3631 283 3689 run
300 3633 329 3686 u
348 3648 377 3688 a
396 3603 479 3690 min.
499 3664 531 3676 «-
551 3632 571 3714 ¹)
588 3636 654 3703 int.
674 3636 716 3704 ea,
737 3639 779 3694 11.
800 3625 871 3702 -bt
890 3637 972 3717 uxor.
985 3621 1035 3706 ιιι
1047 3637 1089 3694 ¹⁵·
1102 3645 1143 3695 *ιο
