2554 4172
495 191 721 270 ..135-

106 368 314 437 moderatum
334 387 448 449 usum,
481 367 558 433 dum
585 389 704 434 manns
732 367 775 434 ad
804 351 913 432 cibum
944 370 1106 454 tenditut‘,

105 470 256 559 parentis
275 468 375 554 primi
395 465 510 554 lapsus
527 465 680 532 iteratur.
711 465 758 532 At
774 473 891 532 contra
904 465 1108 535 admonendi

106 577 191 635 sunt
209 566 435 649 abstinentes,
470 573 507 630 ut
529 562 669 632 sollicite
691 587 821 653 semper
845 565 1030 652 aspiciant,
1060 587 1105 632 ne

106 689 182 734 oum
205 667 302 752 gulae
329 667 446 732 vitium
472 664 624 750 fugiunt,
660 666 788 733 acriora
818 663 870 730 his
901 665 983 730 vitia
1006 667 1109 751 quasi

107 784 152 830 ex
180 767 301 832 virtute
332 773 552 850 generantum
580 787 623 830 ue
652 763 730 830 dum
759 784 893 830 earnem
921 774 1108 848 macerant,

108 863 154 930 ad
175 863 418 950 impatientiam
434 863 571 950 spiritus
584 871 775 949 erumpant,
798 871 832 928 et
846 862 942 928 nulla
953 863 1026 950 jam
1038 864 1104 928 vir·

108 975 164 1029 tus
186 963 246 1044 sit,
281 960 371 1048 quod
393 981 471 1027 caro
501 961 662 1045 vincitur,
692 962 721 1028 si
743 963 881 1050 spiritus
903 963 946 1027 ab
964 964 1025 1028 ira
1047 985 1103 1028 su·

107 1071 257 1148 peretur.
282 1057 624 1146 'Aliquando'autem
654 1060 732 1126 dum
752 1083 845 1128 mens
866 1061 1104 1128 abstinentium

108 1161 153 1226 ab
175 1162 226 1225 ira
256 1179 291 1224 se
318 1156 491 1246 deprimit,
524 1157 612 1225 hanc
641 1162 738 1246 quasi
763 1162 944 1246 peregrina
965 1162 1104 1226 veniens

109 1258 241 1326 laetitia
270 1259 466 1341 corrumpit,
504 1270 537 1327 et
563 1282 602 1326 eo
632 1257 857 1326 abstinentiae
890 1259 1012 1327 bonum
1046 1258 1103 1324 de-

109 1357 214 1446 pcrit,
238 1379 303 1444 quo
325 1379 398 1424 sese
420 1382 441 1424 a
464 1356 669 1446 spiritalibus
691 1361 782 1425 vitiis
802 1361 936 1424 minime
952 1357 1103 1425 custodit.

110 1457 208 1524 Unde
230 1469 319 1524 reot'e
340 1481 402 1546 per
422 1458 620 1546 prophetam
642 1457 775 1524 dicitur:
801 1459 848 1524 In
877 1457 1025 1522 diebus
1043 1459 1103 1544 je·

104 1558 321 1646 juniorum
353 1571 595 1625 vostrorum
627 1560 915 1625 inveniuntur
948 1557 1103 1623 volun·

107 1667 223 1722 tates
246 1668 425 1725 vestrae.
448 1660 473 1744 ¹)
517 1658 562 1724 Et
581 1656 683 1745 paulo
699 1668 788 1744 post:
815 1656 1042 1744 injudicio
1064 1664 1124 1718 etv

107 1758 229 1821 rixas
259 1759 492 1844 jejunatis,
531 1768 572 1823 et
608 1759 843 1844 percutitis
877 1755 1049 1845 pugnis.
1073 1751 1100 1840 2)

56 1873 62 1884 ·
107 1851 276 1921 Voluntas
299 1857 425 1944 quippe
456 1855 499 1920 ad
520 1856 684 1923 laetitiam
705 1859 870 1944 pertinet,
903 1877 1036 1945 pugnus
1059 1854 1104 1919 ad

108 1951 203 2016 iram.
247 1953 421 2028 Incassum
449 1977 530 2039 ergo
559 1977 620 2041 per
642 1955 880 2022 abstinentiam
909 1975 1028 2041 corpus
1051 1962 1101 2020 at·

73 2106 79 2116 .
108 2051 247 2134 teritur,
278 2054 307 2117 si
332 2051 529 2120 inordinatis
556 2053 692 2118 dimissa
718 2053 861 2120 motibus
888 2075 981 2119 mens
1012 2054 1102 2118 vitiis
1175 2131 1180 2142 ¹

108 2149 304 2240 dissipatur.
345 2155 558 2240 Rursnmque
580 2154 779 2223 admonendi
805 2162 900 2236 sunt,
934 2163 971 2219 ut
999 2152 1102 2219 absti-

106 2253 258 2319 nentiam
288 2275 381 2318 suam
411 2257 446 2318 et
476 2275 608 2342 semper
638 2255 709 2318 sine
737 2254 962 2318 imminutione
993 2261 1103 2317 custo·

108 2351 221 2434 diunt,
255 2362 288 2417 et
313 2374 510 2438 numquam.
527 2352 614 2420 hane
645 2353 735 2440 apud
766 2352 928 2421 occultum
955 2349 1113 2440 judicem

108 2453 251 2517 eximiae
274 2453 407 2518 virtutis
430 2451 585 2536 credant,
614 2475 657 2519 nc
680 2454 708 2519 si
728 2453 874 2520 fortasse
895 2453 1010 2538 magni
1031 2471 1105 2516 esso
1133 2483 1135 2490 ·

109 2552 217 2616 meriti
240 2551 401 2635 creditur,
434 2576 489 2619 cor
513 2555 547 2620 in
571 2552 748 2620 elationem
774 2553 974 2619 sublevetur.
1016 2551 1105 2617 Hinc

108 2673 254 2739 namque
282 2674 343 2740 per
370 2651 568 2740 prophetam
597 2651 729 2719 dicitur:
770 2652 979 2740 Numquid
1011 2649 1105 2717 talo

108 2753 419 2840 estjejunium,
441 2751 553 2839 quod
575 2753 709 2837 elegi?
739 2751 818 2818 Sed
840 2752 993 2838 frange
1016 2773 1104 2816 esu-

108 2849 246 2916 rienti
274 2873 425 2939 panem
454 2863 585 2934 tuum,
621 2861 663 2916 et
691 2873 852 2937 egenos
881 2870 1104 2935 vagosque

109 2950 237 3014 indue
257 2953 299 3014 in
323 2949 483 3017 domum
504 2961 625 3016 tuam.
650 2947 676 3035 3)

172 3048 250 3128 Qua
277 3049 311 3114 in
339 3072 375 3114 re
404 3049 610 3135 pensandum
641 3057 706 3130 est,
739 3049 846 3112 virtus
875 3046 1101 3113 abstinentiae

109 3169 211 3238 quam
231 3169 338 3234 parva
359 3151 554 3238 respicitur,
577 3167 664 3235 quae
686 3147 820 3212 nonnisi
841 3167 883 3210 ex
900 3146 977 3212 aliis
995 3147 1101 3213 virtu·
1124 3165 1126 3167 ·

108 3246 200 3314 tibus
215 3246 474 3314 commendatur.
513 3247 602 3312 Hinc
620 3244 698 3310 Jocl
720 3245 783 3310 ait:
816 3246 1102 3312 Sanctificate

106 3347 328 3435 jejunium.
347 3343 376 3432 l)
419 3345 590 3435 Jejunium
613 3341 736 3432 quippe
758 3346 966 3414 sanctificare
980 3357 1031 3414 est
1045 3345 1101 3410 ad-

143 3575 166 3645 ¹)
174 3575 261 3718 {top5
265 3575 307 3644 58,
326 3576 351 3632 3.
370 3605 403 3616 -
430 3575 531 3641 ²)1sat.
550 3575 633 3646 58,AE
653 3606 682 3616 ·-
709 3576 810 3646 ¹)Isai.
829 3579 870 3648 56,
889 3579 912 3635 5.
932 3607 965 3617 -
993 3575 1017 3646 ι)
1034 3579 1101 3634 inti.

201 3700 208 3730 ‚
261 3699 269 3722 .
