2554 4172
535 165 737 234 ..99...

130 335 284 426 epiciunt
306 353 395 414 esse,
431 355 512 420 quos
541 331 689 403 laudant.
733 330 900 398 Mirantur
927 337 983 408 eos
1004 331 1133 420 placito

137 435 257 522 egisse,
281 432 338 507 sed
361 443 473 509 tomen
497 428 649 496 devitant
665 430 817 498 similiter
832 429 972 517 placere.
1005 431 1131 513 Dicen-

137 535 215 601 dum
242 541 292 598 ost
318 529 506 624 benevolis?
541 543 578 600 ut
600 553 672 598 omn
693 533 919 618 proximorum
941 531 1031 611 fecto
1053 555 1130 608 oon,-

136 629 295 724 spieiunt,
318 632 363 697 ad
384 653 480 701 suum
503 653 560 698 cor
581 631 730 716 redeant,
751 642 783 698 et
804 629 978 704 deolienis
999 628 1132 712 notibus

136 754 205 800 non
214 728 446 818 'praesumant3
466 753 509 794 ne
521 727 609 796 bono
623 729 772 814 laudent,
795 739 830 798 et
845 751 946 818 agere
966 741 1132 818 recusent.

139 830 285 911 Gravius
308 831 432 922 quippe
455 838 605 895 extremo
627 829 754 896 ultione
775 829 918 924 feriendi
940 841 1034 918 sunt,
1057 823 1131 931 dni·

138 931 202 1022 bns
223 930 360 1021 placuit,
383 927 471 1016 quod
493 930 617 1000 imitari
639 929 831 1010 noluerunt.

199 1027 412 1098 Admonendi
434 1039 512 1096 sunt
532 1029 655 1112 invidi,
679 1041 716 1096 ut
736 1030 957 1116 perpendant,
984 1039 1132 1124 quantoe

138 1128 310 1204 coecitatis
333 1138 420 1212 sunt,
441 1129 499 1216 qui
517 1127 630 1200 ,alieno
647 1120 806 1216 proiecto
827 1127 997 1214 deficiunt,
1018 1123 1134 1206 eliens
1202 1133 1206 1143 ’

139 1224 349 1314 onpltntione
370 1224 394 1312 ¹)
429 1226 676 1296 contabescunt
736 1227 893 1308 Quantae
917 1229 1134 1308 ,infelicitatis

139 1338 228 1410 sunt,
253 1329 309 1414 qui
322 1325 549 1394 melioratione
562 1329 703 1414 proximi
720 1329 904 1404 deteriores
918 1329 1022 1414 fiunt3
1038 1327 1132 1416 dumf

139 1446 205 1522 pue
226 1437 406 1510 augmenta
428 1427 564 1494 alienae
578 1429 815 1516 prosperitatis
837 1429 1017 1518 aspiciunt,
1041 1427 1137 1516 opud«

139 1525 332 1612 semetipsos
355 1527 455 1598 anxie
478 1527 596 1592 afflicti
618 1528 727 1595 cordis
750 1528 803 1592 sui
823 1537 917 1614 peste
936 1528 1134 1612 moriuntur.

139 1623 1133 1724 Quidistisintelioius‚quosdumconspeotnfelicitssofficit,
1164 1711 1167 1717 1

136 1747 244 1810 poena
265 1727 442 1814 nequiores
465 1725 597 1794 reddit?
637 1725 892 1800 Aliorumroro
914 1725 1020 1808 bons„
1038 1747 1133 1815 ‘quse

137 1823 264 1891 habere
286 1847 353 1890 non
374 1835 525 1912 possunt,
551 1826 578 1890 si
593 1823 783 1908 diligerent,
807 1824 1041 1904 convincerent
1072 1823 1134 1901 Sic

139 1922 264 2010 qnippe
287 1932 365 1988 sunt
378 1925 528 1986 universi
542 1924 760 1989 consistentes
772 1924 807 1990 in
820 1923 896 2005 fide,
920 1926 1005 1991 sicut
1025 1921 1134 1999 mults

127 2018 287 2106 ‚membra
303 2041 368 2084 uno
390 2021 423 2084 in
435 2042 571 2106 corpore
582 2019 625 2108 2);
649 2041 736 2106 quae
757 2044 818 2109 per
831 2022 977 2088 officium
999 2023 1134 2110 quidem

141 2119 274 2188 diversa
297 2129 389 2199 sunt,
415 2119 551 2200 sedeo,
583 2141 647 2206 quo
677 2120 740 2184 sibi
766 2121 911 2185 vicissim
933 2129 1134 2206 congruunt,

73 2288 75 2294 ,
137 2242 241 2288 unum
262 2217 354 2284 fiunt.
398 2217 496 2284 Unde
519 2219 566 2300 fit,
590 2229 627 2286 ut
648 2241 706 2305 pes
720 2242 780 2305 per
799 2219 929 2284 oculum
952 2217 1135 2304 videatpet

138 2341 198 2410 per
219 2317 327 2405 pedes
342 2318 430 2384 oculi
452 2318 665 2402 gradiantur3
688 2321 737 2386 ori
759 2317 894 2386 auditus
910 2319 1041 2384 aurium
1064 2341 1134 2389 ser·

139 2419 219 2496 viat,
242 2416 339 2500 etprd
361 2440 459 2482 usum
482 2441 576 2485 suum
599 2419 737 2485 auribus
765 2419 833 2484 oris
854 2418 973 2502 lingua
995 2438 1132 2494 concur·

138 2529 209 2599 rat,
240 2517 442 2602 suffragetur
470 2529 584 2584 venter
608 2519 782 2601 manibus,
813 2519 923 2584 ventri
952 2527 1134 2604 operentur

137 2639 265 2683 monus.
308 2617 349 2682 In
371 2619 445 2706 ipsa
469 2619 572 2703 igitur
586 2620 733 2706 corporis
754 2618 920 2704 positione
941 2619 1133 2704 accipimus,

138 2716 226 2804 qnod
248 2717 283 2785 in
306 2717 436 2792 actione
467 2739 646 2784 servemus.
691 2718 797 2784 Nimis
818 2719 933 2806 itaque
962 2728 1060 2802 turpe
1082 2723 1134 2784 est

138 2838 204 2893 non
234 2817 375 2899 imitari,
408 2816 495 2916 quod
530 2839 652 2882 sumus.
703 2817 824 2884 Nostra
858 2825 935 2892 sunt
961 2815 1134 2900 nimirum,

140 2936 225 3000 quoe
248 2917 311 2982 etsi
340 2917 463 2982 imitari
490 2939 557 2982 non
585 2939 779 3000 possumus,
813 2935 964 2980 ornamus
985 2915 1021 2978 in
1044 2911 1132 2996 aliis,

140 3023 173 3076 ot
194 3015 376 3078 amantium
398 3013 490 3094 finnt,
514 3037 667 3102 quaeque
685 3025 839 3080 amantur
859 3015 892 3078 in
906 3012 1015 3084 nobis.
1044 3011 1132 3080 Hinc

139 3112 231 3194 ergo
252 3122 394 3195 pensent
425 3115 546 3198 invidi,
579 3115 702 3178 coritas
733 3123 879 3199 quantoe
908 3112 1041 3178 virtutis
1069 3119 1131 3194 est,

139 3233 225 3300 quae
247 3211 351 3278 alieni
372 3213 496 3280 laboris
518 3237 638 3304 opera,
669 3223 785 3281 nostra
807 3213 877 3278 sine
900 3207 1017 3279 labore
1038 3211 1131 3278 facit.

137 3311 325 3378 Dicendum
346 3313 462 3398 itaque
484 3324 535 3380 est
556 3312 696 3395 invidis,
720 3314 800 3398 quia
824 3311 904 3379 dum
924 3333 959 3378 se
982 3333 1005 3376 n
1023 3310 1131 3380 livore
1179 3367 1182 3376 .

137 3411 271 3476 minime
294 3409 502 3498 custodiunt,
531 3415 567 3479 in
589 3413 759 3500 antiquom
789 3411 918 3480 versuti
944 3409 1050 3478 hostis
1072 3433 1129 3476 ne·

123 3621 125 3625 '
170 3619 190 3691 ¹)
208 3620 272 3676 Alit.
291 3619 456 3720 emolitione.
480 3619 554 3690 -”)
573 3581 707 3688 Alitnno
725 3621 930 3770 commitem
948 3582 1063 3700 serpet}
1087 3627 1088 3630 ’
