2556 4150
134 304 290 373 Ecclesia
312 302 416 369 amari
427 303 645 390 concupiscit3
667 304 747 390 quia
770 301 980 368 adulterinae
1003 305 1128 389 eogita-

134 405 237 470 tionis
262 409 341 468 reus
363 408 431 484 est,
456 404 485 467 si
506 401 641 484 placere
666 421 750 483 puer
780 421 922 486 sponsae
944 401 1046 468 oculis
1068 424 1126 491 ap-

57 564 65 572 r
114 505 235 590 petit,
268 525 329 590 per
352 523 449 588 quem
472 521 613 588 sponsus
635 499 725 564 dona
750 500 944 566 transmisit.
988 501 1057 583 Qui
1077 503 1128 568 ni·
1235 484 1236 504 ¹

135 604 254 668 mirum
276 618 368 666 amor
389 601 556 687 proprius,
578 611 651 664 cum
667 600 805 666 rectoris
827 609 969 666 mentem
982 602 1127 688 ceperit,

135 700 315 788 aliquando
336 699 424 765 hanc
452 699 641 766 inordinate
662 698 706 765 ad
728 699 916 782 mollitiem,
948 699 1132 787 aliquando

135 823 213 866 vero
242 800 285 867 ad
314 801 526 887 asperitatem
555 801 654 888 rapit.
697 801 752 866 Ex
782 819 893 865 amore
923 802 1046 866 etenim
1068 823 1128 866 suo

135 921 230 966 mens·
249 901 389 966 rectoris
410 900 447 964 in
474 900 641 966 mollitiem
664 901 825 983 vertitur,
856 901 936 986 quia
958 921 1030 964 cum
1053 919 1129 988 pec·
1233 908 1237 915 ’

135 1009 250 1067 cantes
274 997 422 1065 subditos
444 1000 591 1086 respicit,
615 1023 658 1067 ne
670 1021 751 1085 erga
761 998 850 1066 hunc
861 1021 973 1065 eorum
997 999 1128 1066 dilectio

134 1107 276 1186 torpeat,
299 1097 468 1186 corripere
486 1121 554 1165 non
566 1101 767 1185 praesumit3
789 1121 1030 1186 nonnunquam
1051 1121 1129 1165 vero

136 1207 249 1264 errata
273 1197 490 1278 subditorum,
514 1219 600 1284 quae
623 1197 796 1284 increpare
814 1197 988 1280 debuerat,
1012 1197 1129 1264 adula-

135 1282 284 1364 tionibus
313 1289 488 1360 demulcet.
532 1295 630 1362 Unda
661 1295 747 1361 bene
775 1317 836 1378 per
858 1295 1052 1384 prophetam
1080 1297 1129 1363 di·

138 1400 241 1463 citur:
271 1397 357 1460 Vae
377 1393 463 1479 hia,
494 1397 566 1482 qui
588 1407 797 1462 consuunt
818 1396 1026 1482 pulvillos
1052 1397 1129 1464 sub

137 1496 243 1561 omni
265 1493 410 1562 cubito
439 1515 599 1576 manus,
630 1505 669 1560 et
696 1495 863 1560 faciunt
890 1497 1130 1563 cervicalia

108 1597 212 1673 ,sub
242 1597 382 1684 eapite
411 1595 646 1659 universae
681 1594 847 1659 aetatis
882 1595 933 1660 ad
961 1598 1129 1680 capien-

138 1697 211 1760 das
235 1695 407 1762 animas.
423 1695 448 1781 ¹)
491 1692 655 1760 Pulvillus
678 1695 802 1780 quippe
825 1691 887 1758 sub
909 1696 997 1758 omni
1018 1693 1130 1760 cubito

137 1817 256 1860 manus
278 1815 415 1880 ponere,
438 1801 488 1858 est
502 1791 657 1858 cadentes
670 1815 691 1857 a
712 1792 1130 1877 suarectitudineanimas,

137 1905 240 1978 atque
268 1895 305 1958 in
328 1892 567 1980 hujusmundi
589 1915 625 1958 se
645 1892 865 1958 delectatione
875 1890 901 1977 ²)
920 1891 1130 1974 reclinantes,

138 1993 265 2059 blanda
294 1991 486 2059 adulatione
520 1991 682 2059 relevere.
735 1993 844 2074 Quasi
875 1993 961 2057 enim
991 1990 1134 2077 pulvillo

139 2093 295 2175 cubitus,
325 2091 378 2157 vel
400 2090 623 2157 cervicalibus
654 2099 756 2176 caput
779 2092 925 2178 jacentis
944 2091 1131 2176 excipitur,

137 2216 212 2259 eum
233 2194 454 2280 correptionis
476 2193 601 2259 duritia
622 2192 775 2278 peccanti
796 2190 1014 2273 subtrahitur,
1037 2191 1133 2276 eique

139 2293 295 2360 mollities
317 2293 445 2358 favoris
467 2289 657 2372 adhibetur,
680 2300 717 2356 ut
735 2293 772 2354 in
785 2313 899 2356 errore
920 2289 1061 2354 molliter
1078 2291 1133 2376 ja·

139 2403 230 2474 cest,
262 2411 361 2479 quem
388 2390 481 2456 nulla
510 2390 678 2475 asperitas
710 2390 978 2455 contradictionis
1010 2387 1133 2476 pulsat.

141 2488 206 2554 Sed
227 2487 312 2554 haec
333 2497 490 2571 rectores,
514 2489 571 2575 qui
587 2489 779 2576 semetipsos
803 2486 958 2573 diligunt,
981 2488 1033 2553 his
1056 2510 1132 2574 pro·

140 2587 195 2653 cul
224 2585 327 2654 dubio
356 2587 532 2669 exhibent,
564 2610 586 2652 a
619 2585 754 2673 quibus
772 2608 807 2652 sc
837 2589 950 2654 noceri
978 2587 1134 2671 possein

142 2685 250 2752 studio
272 2687 401 2772 gloriae
413 2685 603 2774 temporalis
614 2687 740 2751 timent.
782 2685 868 2752 Nam
891 2707 976 2773 quos
996 2685 1045 2752 nil
1057 2707 1135 2752 con·

140 2797 194 2852 tra
223 2807 259 2850 se
281 2785 396 2852 valere
426 2785 651 2868 conspiciunt,
680 2785 742 2852 hos
771 2785 924 2850 nimirum
953 2787 1134 2874 asperitate
1205 2797 1210 2810 ⁸

140 2887 272 2973 rigidae
297 2907 425 2969 semper
446 2886 644 2952 invectionis
666 2895 843 2973 premunt,
866 2895 1047 2972 numquam
1068 2885 1134 2951 ele»

141 2994 272 3054 menter
293 2987 483 3070 admonent,
507 2981 565 3052 sed
587 2985 769 3074 pastoralis
792 2987 1054 3053 mansuetudinis
1075 2985 1135 3054 ob-

141 3087 205 3168 liti,
224 3087 304 3172 jure
326 3085 559 3156 dominationis
576 3093 713 3151 terrent.
757 3085 849 3165 Quos
872 3095 961 3152 recte
982 3107 1044 3172 per
1062 3104 1138 3174 pro·
1160 3083 1173 3092 ”

141 3185 277 3276 phetam
300 3185 416 3252 divina
448 3205 514 3252 vox
535 3187 702 3272 increpat,
734 3185 863 3252 dicens:
895 3185 975 3254 Vos
999 3195 1137 3252 autem

143 3302 233 3352 oum
265 3285 531 3352 austeritate
561 3281 852 3368 imperabatis
883 3287 945 3352 eis
973 3294 1017 3352 et
1047 3287 1137 3352 cunr

142 3387 343 3473 potentia.
360 3383 386 3468 ³)
428 3381 508 3452 Plus
536 3387 624 3454 enim
646 3405 681 3452 se
703 3407 763 3452 suo
792 3395 927 3454 auctore
956 3385 1137 3472 diligentes

146 3521 158 3527 ...
163 3520 428 3530 ’.μ-...Ἥκ-

177 3587 198 3657 ι)
215 3590 307 3646 saar.
328 3588 370 3660 13,
389 3589 431 3650 rs.
448 3619 482 3636 -
493 3583 525 3659 ⁴)
537 3587 608 3644 nm.
623 3585 769 3644 arcaea.
788 3586 860 3654 -u
878 3579 972 3644 asan.
985 3585 1032 3658 ar,
1048 3578 1075 3644 t.
