2554 4172
506 180 710 247 „954

101 353 232 440 quippe
247 349 439 439 impellente
449 349 574 435 agitur,
597 355 636 412 ut
648 353 738 413 totus
760 343 850 411 foras
873 348 1008 430 spiritus
1030 370 1111 433 pro--

97 451 251 533 feratur3
275 471 372 536 quem
394 449 517 514 idcirco
544 446 757 534 perturbatio
779 447 878 513 citius
902 449 1002 535 ejicit,
1025 450 1110 537 quia

99 551 204 618 nulla
239 551 380 615 interius
415 546 596 634 disciplina
633 547 821 631 sapientiae
863 547 1104 615 circumcludit

102 651 252 740 Sapiens
274 657 390 716 autem·
402 647 513 713 differt
534 655 568 712 et
581 655 733 713 reservat
744 647 779 713 in
796 655 976 735 posterum.
1018 647 1108 714 Lae·

101 771 165 816 sus
187 750 274 816 enim
296 751 514 838 impraesens
538 770 573 814 se
593 747 713 814 ulcisci
730 771 796 813 non
819 745 999 829 desiderat,
1024 748 1110 834 quia

101 851 208 914 otiam
229 847 381 914 tolerans
402 848 498 930 parci
512 855 615 934 optat,
638 847 697 912 sed
712 856 825 914 tamen
833 849 924 935 juste
938 845 1104 914 vindicari

54 975 60 981 ·
101 951 218 1015 omnia
240 958 387 1014 extremo
405 947 533 1034 judicio
555 969 624 1012 non
645 949 788 1030 ignorat.

166 1049 212 1116 At
241 1056 359 1116 contra
388 1044 589 1113 admonendi
617 1057 695 1112 sunt
715 1049 898 1133 patientes,
931 1069 973 1112 nc
995 1049 1032 1112 in
1053 1069 1103 1129 eo,

104 1149 196 1235 quod
217 1148 366 1212 exterius
388 1155 541 1233 portant,
569 1147 710 1212 interius
737 1144 890 1230 doleant3
919 1169 960 1211 nc
989 1156 1107 1214 tantae

101 1248 240 1315 virtutis
263 1247 481 1328 sacrificium,
512 1246 603 1334 quod
620 1248 788 1330 integrum
808 1245 900 1312 foras
922 1245 1106 1331 immolant,

102 1348 197 1411 intus
218 1345 363 1411 malitiae
385 1356 479 1432 peste
501 1354 733 1432 corrumpant,
766 1354 799 1411 et
829 1367 902 1411 cum
930 1347 974 1411 ab
999 1345 1107 1412 homi·

102 1443 206 1510 nibus
228 1467 295 1510 non
317 1446 531 1530 agnoscitur,
556 1444 615 1510 scd
637 1454 748 1512 tamen
772 1443 835 1511 sub
849 1445 964 1512 divina
980 1448 1104 1512 exami-

102 1545 242 1610 natione
262 1556 439 1632 peccatur,
475 1553 569 1611 tanto
592 1543 736 1610 deterior
758 1543 856 1630 culpa
879 1544 999 1612 doloris
1031 1547 1103 1629 fiat,

104 1652 230 1730 quanto
253 1643 318 1709 sibl
340 1655 419 1711 ante
440 1643 590 1711 homines
612 1645 748 1711 virtutis
770 1645 913 1732 speciem
945 1645 1104 1711 vindicat.

166 1743 355 1812 Dicendum
377 1745 492 1830 itaque
516 1754 567 1810 est
586 1743 804 1832 patientibus,
828 1754 865 1810 ut
882 1743 1040 1810 studeant
1055 1744 1104 1811 di·

103 1840 231 1926 ligere,
256 1863 339 1928 quos
361 1844 427 1908 sibi
448 1865 585 1908 necesse
608 1852 658 1908 est
680 1843 840 1926 tolerare,
863 1865 906 1910 ne
929 1844 958 1910 si
976 1843 1107 1931 patian-

103 1940 187 2004 tiam
219 1939 354 2006 dilectio
380 1965 446 2007 non
477 1951 655 2028 sequatur,
687 1944 723 2008 in
753 1943 950 2010 deteriorem
973 1943 1106 2032 culpam

106 2037 173 2104 odii
192 2039 299 2104 uirtus
322 2048 455 2106 ostensa
477 2049 639 2106 vertatur.
685 2041 782 2106 Unde
805 2042 932 2108 Paulus
960 2064 1035 2107 cum
1056 2041 1106 2107 di·

106 2146 215 2205 ceret:
241 2139 437 2207 'Caritas
468 2143 647 2227 patiens
686 2150 766 2223 cst,
807 2140 895 2216 illico
934 2139 1110 2226 adjunxitr

103 2237 295 2324 Benigna
324 2250 390 2306 est
415 2241 458 2328 ¹),
493 2238 651 2306 videlicet
679 2239 879 2321 ostendens,
918 2241 999 2325 quia
1021 2261 1112 2324 quos

106 2358 147 2402 ex
175 2339 340 2426 patientia
369 2339 511 2423 tolerat,
544 2360 657 2406 amare
691 2341 792 2406 etiam
823 2361 865 2404 ex
893 2339 1105 2424 benignitate

104 2459 172 2503 non
193 2449 311 2505 cessat
352 2439 451 2504 Unde
472 2438 560 2503 idem
582 2440 696 2505 doctor
710 2441 869 2525 egregius
887 2461 962 2504 cum
976 2440 1106 2527 patien-

105 2537 185 2601 tiam
197 2537 372 2625 discipulis
382 2540 548 2623 suaderet,
561 2538 691 2607 dicens:
715 2538 854 2605 Omnis
872 2539 1103 2636 amaritudo

106 2645 144 2702 ot
172 2637 235 2704 ira
261 2650 303 2705 et
335 2638 574 2724 indignatio
604 2648 642 2704 et
664 2637 815 2705 clamor
843 2645 883 2704 ct
910 2636 1103 2724 blasphe-

105 2738 390 2804 miatollatur
417 2759 438 2800 a
459 2737 580 2805 vobis
601 2737 646 2826 ²),
679 2741 778 2826 quasi
804 2740 932 2805 cunctis
955 2739 1111 2804 exterius

100 2836 171 2922 jam
192 2836 277 2902 bone
300 2838 490 2923 compositis
513 2837 556 2902 ad
583 2839 746 2905 interiora
770 2837 991 2918 convertitur,
1025 2835 1103 2900 dum

107 2930 294 3020 subjungit:
329 2935 425 3002 Cum
447 2939 557 3002 omui
577 2936 753 3002 malitia
776 2937 822 3018 ³),
848 2936 928 3022 quia
945 2935 1102 3001 nimirum

106 3029 230 3096 frustra
255 3033 457 3120 indignatio,
493 3035 619 3102 clamor
643 3043 679 3100 et
706 3033 916 3122 blasphemia
944 3035 988 3100 ab
1013 3045 1102 3102 exte·

107 3128 247 3197 rioribus
280 3131 419 3217 tollitur,
455 3135 483 3199 si
511 3135 546 3201 in
572 3131 777 3200 interiorbus
806 3133 964 3202 vitiorum
995 3141 1112 3201 mator·

106 3230 229 3297 malitia
248 3228 484 3318 ‚dominatura
505 3243 540 3300 ct
568 3235 736 3300 incassum
761 3231 853 3300 foras
882 3234 1035 3322 nequitia
1058 3255 1108 3300 ex

106 3331 204 3398 ramis
225 3328 404 3416 inciditur,
439 3332 468 3400 si
490 3343 679 3400 surrectura
703 3331 923 3419 multiplicius
951 3335 1043 3400 intus
1064 3333 1101 3400 in
1139 3345 1141 3351 '

106 3429 219 3496 radice
247 3439 411 3498 servatur.
454 3431 554 3500 Unde
582 3433 942 3521 et-persemetipsam
964 3433 1110 3500 Veritas

137 3643 157 3710 ¹)
175 3643 200 3697 1.·
214 3643 277 3702 (tor.
291 3641 332 3716 13,
350 3643 375 3700 4.
393 3673 428 3687 -—
446 3640 471 3717 ²)
489 3647 587 3719 Epicu
605 3645 630 3718 l,
646 3646 691 3709 sla
708 3673 742 3688 -
760 3643 782 3716 ⁸)
797 3646 896 3717 Ephss.
912 3639 938 3714 d,
956 3643 997 3702 ³1.
1074 3655 1080 3664 “
