2556 4150
546 169 755 240 -e-..t

144 341 246 409 riunt
291 337 358 406 Sed
380 337 531 407 eamdem
556 359 681 426 aquam
708 337 850 429 pedibus
873 339 1073 426 perturbare
1095 350 1153 418 ast

144 447 285 505 sanctae
314 434 541 503 meditationis
568 435 680 504 studia
706 437 794 504 male
824 435 971 505 vivendo
1001 461 1154 510 comma

142 559 235 624 pere.
276 537 410 623 Aquam
434 535 560 602 scilicet
581 559 696 602 eorum
716 535 886 605 turbatam
900 535 1042 625 pedibus
1065 560 1146 605 oves

144 634 280 716 bibunt,
322 657 395 700 cum
425 632 569 720 subjecti
597 635 722 721 quique
748 658 814 702 non
841 645 1014 704 sectantur
1039 636 1145 705 verba

144 755 234 822 quae
258 734 410 817 audiunt,
436 731 495 800 sed
512 731 584 799 sola
607 753 695 820 qnae
714 734 927 822 conspiciunt
948 733 1143 823 exempls¹)

143 832 318 919 pravitatis
331 832 515 898 imitantur.
545 829 614 910 Qui
631 853 706 898 cnm
718 832 809 899 dicta
828 832 963 914 sitiant,
985 834 1066 920 quia
1082 855 1144 920 per

140 952 243 1018 opera
253 939 504 1017 pervertuntur,
521 930 620 1017 quasi
630 932 794 1019 corruptis
804 930 952 997 fontibus
962 931 999 997 in
1010 930 1143 1020 potibus

141 1029 249 1096 lutum
274 1039 415 1098 sumunt.
458 1029 548 1096 Hinc
562 1050 697 1117 quoque
719 1030 879 1116 seriptum
902 1039 953 1095 est
977 1052 1038 1118 per
1061 1031 1141 1098 Pro·

141 1127 292 1216 phetam:
313 1127 510 1216 Laqueus
527 1125 553 1210 ²)
577 1129 723 1194 ruinae
745 1127 891 1215 populi
912 1129 990 1194 mei
1008 1153 1139 1196 saeer-

142 1227 264 1293 dotes
286 1228 394 1293 mali.
416 1227 444 1314 3)
485 1227 575 1294 Hinc
595 1249 729 1292 rursum
751 1223 792 1289 de
816 1225 1047 1294 sacerdotibus
1070 1228 1140 1297 Do·

142 1327 251 1392 minus
272 1350 334 1415 per
359 1325 563 1414 Prophetam
591 1325 684 1392 dicit:
722 1325 844 1391 Facti
878 1337 973 1394 sunt
1004 1326 1140 1395 domni

143 1425 279 1493 Israel
303 1428 345 1491 in
367 1413 953 1509 offendiculuminiquitatis.
971 1421 1000 1513 ¹⁸)
1036 1425 1140 1493 Nemo

142 1527 266 1613 quippe
297 1524 441 1611 amplius
470 1525 506 1588 in
533 1522 687 1589 Ecclesia
711 1534 824 1606 nocet,
858 1546 958 1610 quam
982 1527 1042 1612 qui
1063 1550 1167 1613 per·.

138 1647 236 1690 verse
260 1646 383 1708 agens,
412 1643 534 1688 nomen
562 1622 618 1688 vel
641 1621 792 1688 ordinem
815 1625 1002 1690 sanctitatis
1026 1623 1138 1692 habet.

139 1723 403 1809 Delinquentem
425 1743 570 1809 namque
591 1718 895 1806 huneredarguere
911 1722 1026 1789 nullus
1039 1747 1137 1812 prae-

140 1823 257 1904 sumit3
280 1829 313 1884 et
333 1822 371 1887 in
385 1820 578 1908 exemplum
590 1819 691 1905 eulpa
708 1819 922 1888 vehementer
936 1823 1138 1908 extenditur,

128 1920 279 2006 ,qnando
305 1944 364 2006 pro
390 1921 583 1986 reverentia
613 1921 739 1986 ordinis
767 1931 924 2006 peccator
944 1920 1138 1989 honoratur.

143 2017 281 2102 Indigni
301 2025 411 2082 antem
433 2020 558 2106 quique
580 2020 667 2086 tanti
680 2026 795 2084 reatus
808 2019 956 2106 pondera
969 2020 1138 2106 fugerent,
1151 2016 1153 2024 ’

143 2116 172 2181 si
193 2117 353 2183 Veritatis
381 2119 581 2183 sententiam
610 2117 751 2184 sollicita
779 2115 889 2182 cordis
910 2140 992 2183 aure
1015 2141 1137 2207 pensa-

139 2225 233 2296 rent,
265 2239 351 2304 quae
379 2219 442 2285 ait:
483 2217 565 2297 Qui
597 2213 976 2283 scandalizaverit
1014 2240 1137 2283 unum

139 2316 186 2382 de
208 2315 383 2402 pusillis
406 2318 525 2400 istis,
556 2319 624 2405 qui
652 2319 695 2381 in
716 2337 777 2380 me
798 2314 991 2398 credunt,
1014 2339 1136 2402 expe-

139 2415 199 2481 dit
237 2417 292 2498 ei,
330 2425 374 2481 ut
408 2417 696 2503 suspendatur
727 2413 834 2479 mola
866 2414 1065 2481 asinaria
1094 2416 1135 2481 in

137 2515 248 2583 eollo
280 2517 393 2604 ejus,
429 2524 469 2580 et
498 2515 774 2600 demergatur
805 2514 847 2578 in
877 2513 1135 2602 profundum

136 2615 323 2702 marist)
366 2615 432 2679 Per
460 2614 581 2682 molam
610 2615 734 2701 quippe
763 2613 946 2680 asinariam
975 2613 1135 2682 secularis

137 2716 227 2780 vitae
249 2716 409 2781 circuitus
430 2738 470 2781 ac
490 2713 587 2781 labor
607 2711 822 2801 exprimitur,
855 2726 888 2778 et
914 2734 974 2800 per
994 2713 1134 2800 profun-

137 2814 216 2880 dum
237 2816 340 2880 maris
362 2822 512 2879 extrema
536 2812 706 2879 damnatio
728 2812 935 2896 designatur.
969 2810 1037 2892 Qui
1052 2835 1132 2898 ergo

137 2913 182 2977 ad
210 2913 397 2980 sanctitatis
424 2912 569 3000 speciem
598 2909 762 2978 deductus
788 2910 842 2977 vel
871 2907 973 2977 verbo
1005 2921 1131 2978 ceteros

138 3009 296 3094 destruit,
326 3011 382 3078 vel
412 3009 580 3097 exemplo,
609 3009 730 3076 melius
758 3009 904 3098 prolecto
930 3009 1060 3096 fuerat,
1094 3021 1131 3076 ut

136 3109 228 3174 hunc
249 3109 292 3174 ad
319 3120 455 3178 mortem
483 3110 544 3177 sub
568 3109 728 3176 exteriori
747 3107 867 3173 habitu
894 3119 1029 3176 terrena
1055 3098 1153 3176 acta¹

136 3207 420 3300 constringerent,
454 3230 555 3297 quam
576 3231 674 3276 saera
694 3209 803 3276 officia
823 3207 859 3275 in
889 3208 987 3298 culpa
1010 3209 1130 3274 ceteris

136 3306 333 3375 imitabilem
364 3305 643 3376 demonstrarent:
683 3309 765 3395 quia
797 3309 952 3374 nimirum
985 3308 1014 3372 si
1043 3306 1129 3372 solus

177 3535 201 3605 ι)
225 3536 291 3590 ans
308 3550 394 3606 opera.
412 3565 445 3574 -
471 3535 491 3603 ²)
509 3515 574 3592 nis
589 3552 679 3594 causa
697 3567 730 3578 -
755 3536 775 3602 ⁸)
794 3536 863 3592 osse
880 3536 909 3602 c,
929 3535 954 3591 1.
966 3537 991 3589 u
1008 3534 1031 3604 a,
1049 3533 1075 3590 s.
1095 3565 1127 3579 -
1150 3601 1155 3608 ,

220 3620 246 3691 ·)
262 3624 357 3680 nas.
374 3623 423 3693 44,
442 3623 483 3682 12.
501 3651 534 3664 -
554 3622 577 3692 ⁵)
594 3626 688 3704 nstin.
706 3622 751 3693 18,
770 3623 796 3682 s.
811 3707 828 3771 1
848 3707 885 3747 n
