<?xml version="1.0" encoding="UTF-8"?>
<!DOCTYPE html PUBLIC "-//W3C//DTD XHTML 1.0 Transitional//EN"
    "http://www.w3.org/TR/xhtml1/DTD/xhtml1-transitional.dtd">
<html xmlns="http://www.w3.org/1999/xhtml" xml:lang="en" lang="en">
 <head>
  <title>
</title>
<meta http-equiv="Content-Type" content="text/html;charset=utf-8" />
  <meta name='ocr-system' content='tesseract 3.04.00' />
  <meta name='ocr-capabilities' content='ocr_page ocr_carea ocr_par ocr_line ocrx_word'/>
</head>
<body>
  <div class='ocr_page' id='page_1' title='image "./sgregoriipapaei00westgoog_0048.png"; bbox 0 0 2556 4150; ppageno 0'>
   <div class='ocr_carea' id='block_1_1' title="bbox 526 115 729 230">
    <p class='ocr_par' dir='ltr' id='par_1_1' title="bbox 526 115 729 230">
     <span class='ocr_line' id='line_1_1' title="bbox 526 115 729 230; baseline -0.034 -9"><span class='ocrx_word' id='word_1_1' title='bbox 526 115 648 230; x_wconf 30' lang='lat'>..¹³27</span> <span class='ocrx_word' id='word_1_2' title='bbox 691 201 729 214; x_wconf 92' lang='lat'><strong>..</strong></span> 
     </span>
    </p>
   </div>
   <div class='ocr_carea' id='block_1_2' title="bbox 112 331 1215 2687">
    <p class='ocr_par' dir='ltr' id='par_1_2' title="bbox 112 331 1215 2687">
     <span class='ocr_line' id='line_1_2' title="bbox 129 331 1127 420; baseline 0.002 -22"><span class='ocrx_word' id='word_1_3' title='bbox 129 343 328 420; x_wconf 78' lang='lat' dir='ltr'><strong>exasperat,</strong></span> <span class='ocrx_word' id='word_1_4' title='bbox 367 333 447 418; x_wconf 88' lang='lat' dir='ltr'><strong>quia</strong></span> <span class='ocrx_word' id='word_1_5' title='bbox 474 353 535 417; x_wconf 88' lang='lat' dir='ltr'><strong>per</strong></span> <span class='ocrx_word' id='word_1_6' title='bbox 561 333 723 398; x_wconf 86' lang='lat' dir='ltr'><strong>universa</strong></span> <span class='ocrx_word' id='word_1_7' title='bbox 756 331 839 396; x_wconf 89' lang='lat' dir='ltr'><strong>vitia</strong></span> <span class='ocrx_word' id='word_1_8' title='bbox 867 331 1013 398; x_wconf 89' lang='lat' dir='ltr'><strong>animum</strong></span> <span class='ocrx_word' id='word_1_9' title='bbox 1048 355 1127 420; x_wconf 86' lang='lat' dir='ltr'><strong>sup·</strong></span> 
     </span>
     <span class='ocr_line' id='line_1_3' title="bbox 128 429 1127 520; baseline 0.004 -24"><span class='ocrx_word' id='word_1_10' title='bbox 128 431 277 520; x_wconf 90' lang='lat' dir='ltr'><strong>plantat,</strong></span> <span class='ocrx_word' id='word_1_11' title='bbox 302 429 410 496; x_wconf 91' lang='lat' dir='ltr'><strong>Paulo</strong></span> <span class='ocrx_word' id='word_1_12' title='bbox 424 439 617 512; x_wconf 86' lang='lat' dir='ltr'><strong>attestante,</strong></span> <span class='ocrx_word' id='word_1_13' title='bbox 641 431 697 516; x_wconf 93' lang='lat' dir='ltr'><strong>qui</strong></span> <span class='ocrx_word' id='word_1_14' title='bbox 713 430 774 495; x_wconf 89' lang='lat' dir='ltr'><strong>ait:</strong></span> <span class='ocrx_word' id='word_1_15' title='bbox 797 429 933 496; x_wconf 81' lang='lat' dir='ltr'><strong>Radix</strong></span> <span class='ocrx_word' id='word_1_16' title='bbox 952 433 1127 500; x_wconf 87' lang='lat' dir='ltr'><strong>omnium</strong></span> 
     </span>
     <span class='ocr_line' id='line_1_4' title="bbox 128 527 1125 616; baseline 0.002 -21"><span class='ocrx_word' id='word_1_17' title='bbox 128 528 334 596; x_wconf 85' lang='lat' dir='ltr'><strong>malorum</strong></span> <span class='ocrx_word' id='word_1_18' title='bbox 350 537 414 596; x_wconf 86' lang='lat' dir='ltr'><strong>est</strong></span> <span class='ocrx_word' id='word_1_19' title='bbox 432 530 655 616; x_wconf 83' lang='lat' dir='ltr'><strong>cupiditas.</strong></span> <span class='ocrx_word' id='word_1_20' title='bbox 673 527 699 616; x_wconf 86' lang='lat'><strong>¹)</strong></span> <span class='ocrx_word' id='word_1_21' title='bbox 721 527 1125 616; x_wconf 80' lang='lat' dir='ltr'><strong>Ponderosus²)veroest,</strong></span> 
     </span>
     <span class='ocr_line' id='line_1_5' title="bbox 130 627 1127 716; baseline 0.002 -22"><span class='ocrx_word' id='word_1_22' title='bbox 130 630 189 716; x_wconf 92' lang='lat' dir='ltr'><strong>qui</strong></span> <span class='ocrx_word' id='word_1_23' title='bbox 209 628 451 716; x_wconf 82' lang='lat' dir='ltr'><strong>turpitudinem</strong></span> <span class='ocrx_word' id='word_1_24' title='bbox 472 651 540 693; x_wconf 91' lang='lat' dir='ltr'><strong>non</strong></span> <span class='ocrx_word' id='word_1_25' title='bbox 562 638 697 694; x_wconf 83' lang='lat' dir='ltr'><strong>exercet</strong></span> <span class='ocrx_word' id='word_1_26' title='bbox 717 651 836 716; x_wconf 88' lang='lat' dir='ltr'><strong>opere,</strong></span> <span class='ocrx_word' id='word_1_27' title='bbox 868 627 927 694; x_wconf 90' lang='lat' dir='ltr'><strong>sed</strong></span> <span class='ocrx_word' id='word_1_28' title='bbox 949 639 1061 696; x_wconf 89' lang='lat' dir='ltr'><strong>tamen</strong></span> <span class='ocrx_word' id='word_1_29' title='bbox 1082 631 1127 698; x_wconf 90' lang='lat' dir='ltr'><strong>ab</strong></span> 
     </span>
     <span class='ocr_line' id='line_1_6' title="bbox 128 727 1126 816; baseline 0.003 -23"><span class='ocrx_word' id='word_1_30' title='bbox 128 727 194 795; x_wconf 92' lang='lat' dir='ltr'><strong>bac</strong></span> <span class='ocrx_word' id='word_1_31' title='bbox 214 729 416 814; x_wconf 82' lang='lat' dir='ltr'><strong>cogitatione</strong></span> <span class='ocrx_word' id='word_1_32' title='bbox 442 729 603 802; x_wconf 81' lang='lat' dir='ltr'><strong>continua</strong></span> <span class='ocrx_word' id='word_1_33' title='bbox 624 729 694 794; x_wconf 86' lang='lat' dir='ltr'><strong>sine</strong></span> <span class='ocrx_word' id='word_1_34' title='bbox 715 727 939 808; x_wconf 71' lang='lat' dir='ltr'><strong>moderamine</strong></span> <span class='ocrx_word' id='word_1_35' title='bbox 963 739 1126 816; x_wconf 88' lang='lat' dir='ltr'><strong>gravatur</strong></span> 
     </span>
     <span class='ocr_line' id='line_1_7' title="bbox 127 829 1124 919; baseline 0.003 -26"><span class='ocrx_word' id='word_1_36' title='bbox 127 829 164 895; x_wconf 89' lang='lat' dir='ltr'><strong>in</strong></span> <span class='ocrx_word' id='word_1_37' title='bbox 185 837 308 895; x_wconf 90' lang='lat' dir='ltr'><strong>mente:</strong></span> <span class='ocrx_word' id='word_1_38' title='bbox 343 829 402 914; x_wconf 91' lang='lat' dir='ltr'><strong>qui</strong></span> <span class='ocrx_word' id='word_1_39' title='bbox 427 849 647 916; x_wconf 80' lang='lat' dir='ltr'><strong>nequaquam</strong></span> <span class='ocrx_word' id='word_1_40' title='bbox 674 829 814 916; x_wconf 84' lang='lat' dir='ltr'><strong>quidern</strong></span> <span class='ocrx_word' id='word_1_41' title='bbox 840 849 947 917; x_wconf 87' lang='lat' dir='ltr'><strong>usque</strong></span> <span class='ocrx_word' id='word_1_42' title='bbox 975 830 1018 895; x_wconf 89' lang='lat' dir='ltr'><strong>ad</strong></span> <span class='ocrx_word' id='word_1_43' title='bbox 1040 851 1124 919; x_wconf 84' lang='lat' dir='ltr'><strong>opus</strong></span> 
     </span>
     <span class='ocr_line' id='line_1_8' title="bbox 127 927 1123 1017; baseline 0.002 -23"><span class='ocrx_word' id='word_1_44' title='bbox 127 927 293 994; x_wconf 83' lang='lat' dir='ltr'><strong>nefarium</strong></span> <span class='ocrx_word' id='word_1_45' title='bbox 314 929 461 1014; x_wconf 84' lang='lat' dir='ltr'><strong>rapitur,</strong></span> <span class='ocrx_word' id='word_1_46' title='bbox 492 928 551 993; x_wconf 90' lang='lat' dir='ltr'><strong>sed</strong></span> <span class='ocrx_word' id='word_1_47' title='bbox 572 931 644 1017; x_wconf 89' lang='lat' dir='ltr'><strong>ejus</strong></span> <span class='ocrx_word' id='word_1_48' title='bbox 672 929 802 996; x_wconf 83' lang='lat' dir='ltr'><strong>animus</strong></span> <span class='ocrx_word' id='word_1_49' title='bbox 824 928 999 1017; x_wconf 87' lang='lat' dir='ltr'><strong>voluptate</strong></span> <span class='ocrx_word' id='word_1_50' title='bbox 1024 930 1123 996; x_wconf 88' lang='lat' dir='ltr'><strong>luxu-</strong></span> 
     </span>
     <span class='ocr_line' id='line_1_9' title="bbox 112 1021 1125 1116; baseline 0.002 -24"><span class='ocrx_word' id='word_1_51' title='bbox 112 1029 199 1116; x_wconf 38' lang='lat' dir='ltr'><strong>·riae</strong></span> <span class='ocrx_word' id='word_1_52' title='bbox 227 1029 299 1094; x_wconf 89' lang='lat' dir='ltr'><strong>sine</strong></span> <span class='ocrx_word' id='word_1_53' title='bbox 328 1027 398 1093; x_wconf 88' lang='lat' dir='ltr'><strong>ullo</strong></span> <span class='ocrx_word' id='word_1_54' title='bbox 427 1030 684 1114; x_wconf 68' lang='lat' dir='ltr'><strong>repugnationis</strong></span> <span class='ocrx_word' id='word_1_55' title='bbox 712 1029 849 1096; x_wconf 81' lang='lat' dir='ltr'><strong>stimulo</strong></span> <span class='ocrx_word' id='word_1_56' title='bbox 871 1027 898 1116; x_wconf 73' lang='grc'><strong>3)</strong></span> <span class='ocrx_word' id='word_1_57' title='bbox 926 1021 1125 1097; x_wconf 87' lang='lat' dir='ltr'><strong>delectatur.</strong></span> 
     </span>
     <span class='ocr_line' id='line_1_10' title="bbox 127 1128 1125 1215; baseline -0.002 -20"><span class='ocrx_word' id='word_1_58' title='bbox 127 1129 256 1195; x_wconf 89' lang='lat' dir='ltr'><strong>Vitium</strong></span> <span class='ocrx_word' id='word_1_59' title='bbox 285 1129 411 1215; x_wconf 87' lang='lat' dir='ltr'><strong>quippe</strong></span> <span class='ocrx_word' id='word_1_60' title='bbox 439 1139 490 1193; x_wconf 88' lang='lat' dir='ltr'><strong>est</strong></span> <span class='ocrx_word' id='word_1_61' title='bbox 519 1128 695 1213; x_wconf 88' lang='lat' dir='ltr'><strong>ponderis,</strong></span> <span class='ocrx_word' id='word_1_62' title='bbox 726 1152 800 1195; x_wconf 84' lang='lat' dir='ltr'><strong>cum</strong></span> <span class='ocrx_word' id='word_1_63' title='bbox 820 1129 938 1196; x_wconf 90' lang='lat' dir='ltr'><strong>humor</strong></span> <span class='ocrx_word' id='word_1_64' title='bbox 960 1131 1125 1195; x_wconf 85' lang='lat' dir='ltr'><strong>viscerum</strong></span> 
     </span>
     <span class='ocr_line' id='line_1_11' title="bbox 128 1226 1125 1314; baseline 0.001 -22"><span class='ocrx_word' id='word_1_65' title='bbox 128 1227 171 1292; x_wconf 90' lang='lat' dir='ltr'><strong>ad</strong></span> <span class='ocrx_word' id='word_1_66' title='bbox 191 1227 302 1292; x_wconf 87' lang='lat' dir='ltr'><strong>virilia</strong></span> <span class='ocrx_word' id='word_1_67' title='bbox 325 1226 467 1309; x_wconf 87' lang='lat' dir='ltr'><strong>labitur,</strong></span> <span class='ocrx_word' id='word_1_68' title='bbox 501 1250 589 1314; x_wconf 91' lang='lat' dir='ltr'><strong>quae</strong></span> <span class='ocrx_word' id='word_1_69' title='bbox 617 1229 767 1314; x_wconf 88' lang='lat' dir='ltr'><strong>profecto</strong></span> <span class='ocrx_word' id='word_1_70' title='bbox 795 1253 869 1296; x_wconf 91' lang='lat' dir='ltr'><strong>cum</strong></span> <span class='ocrx_word' id='word_1_71' title='bbox 894 1228 1048 1295; x_wconf 88' lang='lat' dir='ltr'><strong>molestia</strong></span> <span class='ocrx_word' id='word_1_72' title='bbox 1070 1227 1125 1293; x_wconf 87' lang='lat' dir='ltr'><strong>do·</strong></span> 
     </span>
     <span class='ocr_line' id='line_1_12' title="bbox 127 1325 1124 1415; baseline 0.004 -25"><span class='ocrx_word' id='word_1_73' title='bbox 127 1325 256 1392; x_wconf 88' lang='lat' dir='ltr'><strong>decoris</strong></span> <span class='ocrx_word' id='word_1_74' title='bbox 278 1326 511 1392; x_wconf 88' lang='lat' dir='ltr'><strong>intumescunt.</strong></span> <span class='ocrx_word' id='word_1_75' title='bbox 542 1326 766 1395; x_wconf 49' lang='lat' dir='ltr'><strong>¹Pondercsus</strong></span> <span class='ocrx_word' id='word_1_76' title='bbox 788 1351 868 1414; x_wconf 89' lang='lat' dir='ltr'><strong>ergo</strong></span> <span class='ocrx_word' id='word_1_77' title='bbox 891 1339 962 1412; x_wconf 87' lang='lat' dir='ltr'><strong>est,</strong></span> <span class='ocrx_word' id='word_1_78' title='bbox 996 1329 1054 1415; x_wconf 91' lang='lat' dir='ltr'><strong>qui</strong></span> <span class='ocrx_word' id='word_1_79' title='bbox 1074 1337 1124 1394; x_wconf 86' lang='lat' dir='ltr'><strong>to·</strong></span> 
     </span>
     <span class='ocr_line' id='line_1_13' title="bbox 128 1419 1215 1516; baseline 0.002 -25"><span class='ocrx_word' id='word_1_80' title='bbox 128 1425 173 1491; x_wconf 86' lang='lat' dir='ltr'><strong>tis</strong></span> <span class='ocrx_word' id='word_1_81' title='bbox 193 1424 452 1510; x_wconf 82' lang='lat' dir='ltr'><strong>cogitationibus</strong></span> <span class='ocrx_word' id='word_1_82' title='bbox 466 1426 508 1490; x_wconf 90' lang='lat' dir='ltr'><strong>ad</strong></span> <span class='ocrx_word' id='word_1_83' title='bbox 524 1423 697 1494; x_wconf 70' lang='lat' dir='ltr'><strong>lasciuiam</strong></span> <span class='ocrx_word' id='word_1_84' title='bbox 719 1427 882 1510; x_wconf 87' lang='lat' dir='ltr'><strong>defluens,</strong></span> <span class='ocrx_word' id='word_1_85' title='bbox 903 1427 1037 1514; x_wconf 86' lang='lat' dir='ltr'><strong>pondus</strong></span> <span class='ocrx_word' id='word_1_86' title='bbox 1054 1436 1126 1516; x_wconf 85' lang='lat' dir='ltr'><strong>tur·</strong></span> <span class='ocrx_word' id='word_1_87' title='bbox 1212 1419 1215 1423; x_wconf 14' lang='grc' dir='ltr'><em>Α</em></span> 
     </span>
     <span class='ocr_line' id='line_1_14' title="bbox 125 1525 1127 1614; baseline 0.005 -25"><span class='ocrx_word' id='word_1_88' title='bbox 125 1525 290 1613; x_wconf 85' lang='lat' dir='ltr'><strong>pitudinis</strong></span> <span class='ocrx_word' id='word_1_89' title='bbox 318 1535 432 1610; x_wconf 82' lang='lat' dir='ltr'><strong>gestat</strong></span> <span class='ocrx_word' id='word_1_90' title='bbox 459 1526 492 1591; x_wconf 89' lang='lat' dir='ltr'><strong>in</strong></span> <span class='ocrx_word' id='word_1_91' title='bbox 520 1525 645 1608; x_wconf 80' lang='lat' dir='ltr'><strong>corde3</strong></span> <span class='ocrx_word' id='word_1_92' title='bbox 680 1537 712 1592; x_wconf 88' lang='lat' dir='ltr'><strong>et</strong></span> <span class='ocrx_word' id='word_1_93' title='bbox 741 1527 896 1614; x_wconf 86' lang='lat' dir='ltr'><strong>quamvis</strong></span> <span class='ocrx_word' id='word_1_94' title='bbox 924 1548 1031 1613; x_wconf 86' lang='lat' dir='ltr'><strong>prava</strong></span> <span class='ocrx_word' id='word_1_95' title='bbox 1059 1549 1127 1594; x_wconf 90' lang='lat' dir='ltr'><strong>non</strong></span> 
     </span>
     <span class='ocr_line' id='line_1_15' title="bbox 125 1623 1127 1710; baseline 0.002 -20"><span class='ocrx_word' id='word_1_96' title='bbox 125 1633 282 1690; x_wconf 89' lang='lat' dir='ltr'><strong>exerceat</strong></span> <span class='ocrx_word' id='word_1_97' title='bbox 305 1646 423 1710; x_wconf 89' lang='lat' dir='ltr'><strong>opere,</strong></span> <span class='ocrx_word' id='word_1_98' title='bbox 452 1624 495 1688; x_wconf 88' lang='lat' dir='ltr'><strong>ab</strong></span> <span class='ocrx_word' id='word_1_99' title='bbox 519 1623 572 1689; x_wconf 89' lang='lat' dir='ltr'><strong>his</strong></span> <span class='ocrx_word' id='word_1_100' title='bbox 597 1626 708 1691; x_wconf 84' lang='lat' dir='ltr'><strong>tamen</strong></span> <span class='ocrx_word' id='word_1_101' title='bbox 729 1649 795 1691; x_wconf 91' lang='lat' dir='ltr'><strong>non</strong></span> <span class='ocrx_word' id='word_1_102' title='bbox 815 1624 975 1690; x_wconf 89' lang='lat' dir='ltr'><strong>evellitur</strong></span> <span class='ocrx_word' id='word_1_103' title='bbox 1003 1635 1127 1697; x_wconf 76' lang='lat' dir='ltr'><strong>mente.</strong></span> 
     </span>
     <span class='ocr_line' id='line_1_16' title="bbox 126 1723 1125 1814; baseline 0.002 -26"><span class='ocrx_word' id='word_1_104' title='bbox 126 1723 196 1789; x_wconf 83' lang='lat' dir='ltr'><strong>Nec</strong></span> <span class='ocrx_word' id='word_1_105' title='bbox 217 1724 260 1788; x_wconf 92' lang='lat' dir='ltr'><strong>ad</strong></span> <span class='ocrx_word' id='word_1_106' title='bbox 283 1746 379 1789; x_wconf 90' lang='lat' dir='ltr'><strong>usum</strong></span> <span class='ocrx_word' id='word_1_107' title='bbox 399 1723 478 1790; x_wconf 91' lang='lat' dir='ltr'><strong>boni</strong></span> <span class='ocrx_word' id='word_1_108' title='bbox 501 1723 612 1812; x_wconf 83' lang='lat' dir='ltr'><strong>operis</strong></span> <span class='ocrx_word' id='word_1_109' title='bbox 632 1727 670 1790; x_wconf 90' lang='lat' dir='ltr'><strong>in</strong></span> <span class='ocrx_word' id='word_1_110' title='bbox 691 1733 806 1814; x_wconf 87' lang='lat' dir='ltr'><strong>aperto</strong></span> <span class='ocrx_word' id='word_1_111' title='bbox 829 1725 921 1791; x_wconf 86' lang='lat' dir='ltr'><strong>valet</strong></span> <span class='ocrx_word' id='word_1_112' title='bbox 933 1743 1125 1810; x_wconf 85' lang='lat' dir='ltr'><strong>assurgere,</strong></span> 
     </span>
     <span class='ocr_line' id='line_1_17' title="bbox 126 1821 1125 1912; baseline 0.003 -25"><span class='ocrx_word' id='word_1_113' title='bbox 126 1825 206 1908; x_wconf 91' lang='lat' dir='ltr'><strong>quia</strong></span> <span class='ocrx_word' id='word_1_114' title='bbox 234 1833 354 1909; x_wconf 90' lang='lat' dir='ltr'><strong>gravat</strong></span> <span class='ocrx_word' id='word_1_115' title='bbox 383 1821 471 1890; x_wconf 81' lang='lat' dir='ltr'><strong>hunc</strong></span> <span class='ocrx_word' id='word_1_116' title='bbox 501 1824 536 1890; x_wconf 90' lang='lat' dir='ltr'><strong>in</strong></span> <span class='ocrx_word' id='word_1_117' title='bbox 564 1823 686 1890; x_wconf 88' lang='lat' dir='ltr'><strong>abditis</strong></span> <span class='ocrx_word' id='word_1_118' title='bbox 716 1823 847 1912; x_wconf 90' lang='lat' dir='ltr'><strong>pondus</strong></span> <span class='ocrx_word' id='word_1_119' title='bbox 868 1837 978 1911; x_wconf 82' lang='lat' dir='ltr'><strong>turpe.</strong></span> <span class='ocrx_word' id='word_1_120' title='bbox 1024 1825 1125 1904; x_wconf 75' lang='lat' dir='ltr'><strong>Quis·</strong></span> 
     </span>
     <span class='ocr_line' id='line_1_18' title="bbox 129 1922 1126 2010; baseline 0.004 -24"><span class='ocrx_word' id='word_1_121' title='bbox 129 1922 204 2006; x_wconf 91' lang='lat' dir='ltr'><strong>quis</strong></span> <span class='ocrx_word' id='word_1_122' title='bbox 227 1943 305 2005; x_wconf 87' lang='lat' dir='ltr'><strong>ergo</strong></span> <span class='ocrx_word' id='word_1_123' title='bbox 329 1922 479 2008; x_wconf 89' lang='lat' dir='ltr'><strong>quolibet</strong></span> <span class='ocrx_word' id='word_1_124' title='bbox 493 1923 612 1988; x_wconf 87' lang='lat' dir='ltr'><strong>horum</strong></span> <span class='ocrx_word' id='word_1_125' title='bbox 631 1925 711 1988; x_wconf 90' lang='lat' dir='ltr'><strong>vitio</strong></span> <span class='ocrx_word' id='word_1_126' title='bbox 726 1923 910 2008; x_wconf 85' lang='lat' dir='ltr'><strong>subigitur,</strong></span> <span class='ocrx_word' id='word_1_127' title='bbox 935 1945 1040 2010; x_wconf 90' lang='lat' dir='ltr'><strong>panes</strong></span> <span class='ocrx_word' id='word_1_128' title='bbox 1053 1923 1126 1990; x_wconf 91' lang='lat' dir='ltr'><strong>Do·</strong></span> 
     </span>
     <span class='ocr_line' id='line_1_19' title="bbox 128 2017 1125 2108; baseline 0.006 -25"><span class='ocrx_word' id='word_1_129' title='bbox 128 2019 218 2084; x_wconf 87' lang='lat' dir='ltr'><strong>mino</strong></span> <span class='ocrx_word' id='word_1_130' title='bbox 240 2017 357 2084; x_wconf 89' lang='lat' dir='ltr'><strong>offerre</strong></span> <span class='ocrx_word' id='word_1_131' title='bbox 380 2019 586 2106; x_wconf 85' lang='lat' dir='ltr'><strong>prohibetur,</strong></span> <span class='ocrx_word' id='word_1_132' title='bbox 615 2045 657 2088; x_wconf 90' lang='lat' dir='ltr'><strong>ue</strong></span> <span class='ocrx_word' id='word_1_133' title='bbox 686 2021 833 2108; x_wconf 84' lang='lat' dir='ltr'><strong>profecto</strong></span> <span class='ocrx_word' id='word_1_134' title='bbox 863 2020 988 2090; x_wconf 90' lang='lat' dir='ltr'><strong>diluere</strong></span> <span class='ocrx_word' id='word_1_135' title='bbox 1010 2023 1125 2089; x_wconf 83' lang='lat' dir='ltr'><strong>aliena</strong></span> 
     </span>
     <span class='ocr_line' id='line_1_20' title="bbox 128 2117 1122 2208; baseline 0.007 -26"><span class='ocrx_word' id='word_1_136' title='bbox 128 2117 246 2184; x_wconf 88' lang='lat' dir='ltr'><strong>delicta</strong></span> <span class='ocrx_word' id='word_1_137' title='bbox 274 2141 338 2185; x_wconf 87' lang='lat' dir='ltr'><strong>non</strong></span> <span class='ocrx_word' id='word_1_138' title='bbox 370 2121 552 2204; x_wconf 86' lang='lat' dir='ltr'><strong>valeatis,</strong></span> <span class='ocrx_word' id='word_1_139' title='bbox 590 2143 688 2208; x_wconf 88' lang='lat' dir='ltr'><strong>quem</strong></span> <span class='ocrx_word' id='word_1_140' title='bbox 718 2120 827 2186; x_wconf 90' lang='lat' dir='ltr'><strong>adhuc</strong></span> <span class='ocrx_word' id='word_1_141' title='bbox 861 2123 998 2208; x_wconf 88' lang='lat' dir='ltr'><strong>propria</strong></span> <span class='ocrx_word' id='word_1_142' title='bbox 1021 2121 1122 2188; x_wconf 83' lang='lat' dir='ltr'><strong>deva·</strong></span> 
     </span>
     <span class='ocr_line' id='line_1_21' title="bbox 127 2219 1123 2309; baseline 0.005 -27"><span class='ocrx_word' id='word_1_143' title='bbox 127 2227 225 2284; x_wconf 86' lang='lat' dir='ltr'><strong>stant.</strong></span> <span class='ocrx_word' id='word_1_144' title='bbox 286 2220 374 2301; x_wconf 75' lang='lat' dir='ltr'><strong>Quia</strong></span> <span class='ocrx_word' id='word_1_145' title='bbox 409 2221 512 2304; x_wconf 90' lang='lat' dir='ltr'><strong>igitur</strong></span> <span class='ocrx_word' id='word_1_146' title='bbox 542 2224 658 2307; x_wconf 87' lang='lat' dir='ltr'><strong>paucis</strong></span> <span class='ocrx_word' id='word_1_147' title='bbox 697 2219 740 2286; x_wconf 87' lang='lat' dir='ltr'><strong>ad</strong></span> <span class='ocrx_word' id='word_1_148' title='bbox 769 2221 938 2309; x_wconf 84' lang='lat' dir='ltr'><strong>pastorale</strong></span> <span class='ocrx_word' id='word_1_149' title='bbox 966 2221 1123 2306; x_wconf 82' lang='lat' dir='ltr'><strong>magiste-</strong></span> 
     </span>
     <span class='ocr_line' id='line_1_22' title="bbox 124 2317 1123 2408; baseline 0.003 -24"><span class='ocrx_word' id='word_1_150' title='bbox 124 2320 210 2384; x_wconf 88' lang='lat' dir='ltr'><strong>rium</strong></span> <span class='ocrx_word' id='word_1_151' title='bbox 240 2317 361 2406; x_wconf 89' lang='lat' dir='ltr'><strong>dignus</strong></span> <span class='ocrx_word' id='word_1_152' title='bbox 392 2321 537 2406; x_wconf 87' lang='lat' dir='ltr'><strong>qualiter</strong></span> <span class='ocrx_word' id='word_1_153' title='bbox 565 2324 697 2403; x_wconf 88' lang='lat' dir='ltr'><strong>veniat,</strong></span> <span class='ocrx_word' id='word_1_154' title='bbox 733 2331 835 2408; x_wconf 88' lang='lat' dir='ltr'><strong>atque</strong></span> <span class='ocrx_word' id='word_1_155' title='bbox 868 2321 931 2388; x_wconf 92' lang='lat' dir='ltr'><strong>hoc</strong></span> <span class='ocrx_word' id='word_1_156' title='bbox 962 2319 1123 2406; x_wconf 84' lang='lat' dir='ltr'><strong>indignus</strong></span> 
     </span>
     <span class='ocr_line' id='line_1_23' title="bbox 126 2417 1124 2506; baseline 0.005 -24"><span class='ocrx_word' id='word_1_157' title='bbox 126 2417 269 2503; x_wconf 89' lang='lat' dir='ltr'><strong>qualiter</strong></span> <span class='ocrx_word' id='word_1_158' title='bbox 296 2420 525 2505; x_wconf 87' lang='lat' dir='ltr'><strong>pertimescat,</strong></span> <span class='ocrx_word' id='word_1_159' title='bbox 558 2419 776 2487; x_wconf 87' lang='lat' dir='ltr'><strong>ostendimus:</strong></span> <span class='ocrx_word' id='word_1_160' title='bbox 805 2445 895 2487; x_wconf 89' lang='lat' dir='ltr'><strong>nunc</strong></span> <span class='ocrx_word' id='word_1_161' title='bbox 915 2423 966 2498; x_wconf 89' lang='lat' dir='ltr'><strong>is,</strong></span> <span class='ocrx_word' id='word_1_162' title='bbox 1000 2422 1057 2506; x_wconf 90' lang='lat' dir='ltr'><strong>qui</strong></span> <span class='ocrx_word' id='word_1_163' title='bbox 1079 2419 1124 2487; x_wconf 90' lang='lat' dir='ltr'><strong>ad</strong></span> 
     </span>
     <span class='ocr_line' id='line_1_24' title="bbox 124 2515 1128 2608; baseline 0.005 -27"><span class='ocrx_word' id='word_1_164' title='bbox 124 2515 209 2582; x_wconf 90' lang='lat' dir='ltr'><strong>illud</strong></span> <span class='ocrx_word' id='word_1_165' title='bbox 230 2515 330 2602; x_wconf 86' lang='lat' dir='ltr'><strong>digne</strong></span> <span class='ocrx_word' id='word_1_166' title='bbox 352 2523 560 2606; x_wconf 88' lang='lat' dir='ltr'><strong>pervenerit,</strong></span> <span class='ocrx_word' id='word_1_167' title='bbox 584 2521 618 2584; x_wconf 93' lang='lat' dir='ltr'><strong>in</strong></span> <span class='ocrx_word' id='word_1_168' title='bbox 637 2543 676 2586; x_wconf 90' lang='lat' dir='ltr'><strong>eo</strong></span> <span class='ocrx_word' id='word_1_169' title='bbox 695 2520 843 2608; x_wconf 87' lang='lat' dir='ltr'><strong>qualiter</strong></span> <span class='ocrx_word' id='word_1_170' title='bbox 855 2522 969 2587; x_wconf 67' lang='lat' dir='ltr'><strong>uivere</strong></span> <span class='ocrx_word' id='word_1_171' title='bbox 988 2520 1128 2604; x_wconf 87' lang='lat' dir='ltr'><strong>debeat,</strong></span> 
     </span>
     <span class='ocr_line' id='line_1_25' title="bbox 125 2609 945 2687; baseline 0.006 -8"><span class='ocrx_word' id='word_1_172' title='bbox 125 2609 397 2687; x_wconf 82' lang='lat' dir='ltr'><strong>demonstremus.</strong></span> <span class='ocrx_word' id='word_1_173' title='bbox 943 2651 945 2656; x_wconf 96' lang='lat'>·</span> 
     </span>
    </p>
   </div>
   <div class='ocr_carea' id='block_1_3' title="bbox 145 2825 1124 3394">
    <p class='ocr_par' dir='ltr' id='par_1_3' title="bbox 161 2825 1124 2896">
     <span class='ocr_line' id='line_1_26' title="bbox 161 2825 1124 2896; baseline 0.002 -16"><span class='ocrx_word' id='word_1_174' title='bbox 161 2828 182 2889; x_wconf 85' lang='lat'><strong>¹)</strong></span> <span class='ocrx_word' id='word_1_175' title='bbox 210 2827 234 2880; x_wconf 87' lang='lat'><strong>1.</strong></span> <span class='ocrx_word' id='word_1_176' title='bbox 253 2827 319 2883; x_wconf 78' lang='lat' dir='ltr'><strong>Tim.</strong></span> <span class='ocrx_word' id='word_1_177' title='bbox 337 2828 361 2896; x_wconf 81' lang='lat'><strong>6,</strong></span> <span class='ocrx_word' id='word_1_178' title='bbox 380 2829 421 2882; x_wconf 85' lang='lat'><strong>10.</strong></span> <span class='ocrx_word' id='word_1_179' title='bbox 443 2857 474 2866; x_wconf 91' lang='lat'><em>-</em></span> <span class='ocrx_word' id='word_1_180' title='bbox 503 2825 522 2890; x_wconf 80' lang='lat'><strong>²)</strong></span> <span class='ocrx_word' id='word_1_181' title='bbox 541 2828 656 2896; x_wconf 84' lang='lat' dir='ltr'><strong>Vulgata</strong></span> <span class='ocrx_word' id='word_1_182' title='bbox 673 2829 750 2882; x_wconf 89' lang='lat' dir='ltr'><strong>habet</strong></span> <span class='ocrx_word' id='word_1_183' title='bbox 771 2829 973 2882; x_wconf 72' lang='lat' dir='ltr'><strong>herniosus</strong></span> <span class='ocrx_word' id='word_1_184' title='bbox 992 2857 1023 2866; x_wconf 80' lang='lat'><strong>·-</strong></span> <span class='ocrx_word' id='word_1_185' title='bbox 1049 2826 1124 2882; x_wconf 79' lang='lat' dir='ltr'><strong>Nihil</strong></span> 
     </span>
    </p>

    <p class='ocr_par' dir='ltr' id='par_1_4' title="bbox 145 2913 1122 2982">
     <span class='ocr_line' id='line_1_27' title="bbox 145 2913 1122 2982; baseline 0.003 -19"><span class='ocrx_word' id='word_1_186' title='bbox 145 2930 147 2938; x_wconf 62' lang='grc'>’</span> <span class='ocrx_word' id='word_1_187' title='bbox 210 2913 309 2965; x_wconf 85' lang='lat' dir='ltr'><strong>humile</strong></span> <span class='ocrx_word' id='word_1_188' title='bbox 328 2913 501 2980; x_wconf 85' lang='lat' dir='ltr'><strong>patiturDeus</strong></span> <span class='ocrx_word' id='word_1_189' title='bbox 517 2913 544 2964; x_wconf 89' lang='lat' dir='ltr'><strong>in</strong></span> <span class='ocrx_word' id='word_1_190' title='bbox 562 2914 646 2966; x_wconf 86' lang='lat' dir='ltr'><strong>servis</strong></span> <span class='ocrx_word' id='word_1_191' title='bbox 660 2915 728 2982; x_wconf 87' lang='lat' dir='ltr'><strong>suis,</strong></span> <span class='ocrx_word' id='word_1_192' title='bbox 747 2913 891 2982; x_wconf 75' lang='lat' dir='ltr'><strong>nrbthuod</strong></span> <span class='ocrx_word' id='word_1_193' title='bbox 906 2913 1122 2968; x_wconf 77' lang='lat' dir='ltr'><strong>extenuetidcanr</strong></span> 
     </span>
    </p>

    <p class='ocr_par' dir='ltr' id='par_1_5' title="bbox 145 2999 1123 3394">
     <span class='ocr_line' id='line_1_28' title="bbox 145 2999 1123 3068; baseline 0.007 -22"><span class='ocrx_word' id='word_1_194' title='bbox 145 3013 147 3018; x_wconf 96' lang='lat'>·</span> <span class='ocrx_word' id='word_1_195' title='bbox 211 2999 356 3064; x_wconf 84' lang='lat' dir='ltr'><strong>majestatis</strong></span> <span class='ocrx_word' id='word_1_196' title='bbox 375 3013 440 3052; x_wconf 79' lang='lat' dir='ltr'><strong>suaa</strong></span> <span class='ocrx_word' id='word_1_197' title='bbox 464 2999 570 3052; x_wconf 83' lang='lat' dir='ltr'><strong>attenti</strong></span> <span class='ocrx_word' id='word_1_198' title='bbox 588 2999 734 3054; x_wconf 66' lang='lat' dir='ltr'><strong>ministeriir</strong></span> <span class='ocrx_word' id='word_1_199' title='bbox 768 3000 800 3052; x_wconf 90' lang='lat' dir='ltr'><strong>In</strong></span> <span class='ocrx_word' id='word_1_200' title='bbox 818 3002 897 3056; x_wconf 86' lang='lat' dir='ltr'><strong>veteri</strong></span> <span class='ocrx_word' id='word_1_201' title='bbox 925 3001 984 3068; x_wconf 84' lang='lat' dir='ltr'><strong>lege</strong></span> <span class='ocrx_word' id='word_1_202' title='bbox 1003 2999 1123 3054; x_wconf 66' lang='lat' dir='ltr'><strong>naulae</strong></span> 
     </span>
     <span class='ocr_line' id='line_1_29' title="bbox 211 3080 1122 3155; baseline 0.012 -26"><span class='ocrx_word' id='word_1_203' title='bbox 211 3080 294 3145; x_wconf 85' lang='lat' dir='ltr'><strong>potius</strong></span> <span class='ocrx_word' id='word_1_204' title='bbox 312 3084 427 3150; x_wconf 81' lang='lat' dir='ltr'><strong>corporis</strong></span> <span class='ocrx_word' id='word_1_205' title='bbox 453 3080 575 3136; x_wconf 84' lang='lat' dir='ltr'><strong>arcebant</strong></span> <span class='ocrx_word' id='word_1_206' title='bbox 592 3099 705 3143; x_wconf 72' lang='lat' dir='ltr'><strong>nsacro</strong></span> <span class='ocrx_word' id='word_1_207' title='bbox 730 3085 889 3155; x_wconf 79' lang='lat' dir='ltr'><strong>ministerio,</strong></span> <span class='ocrx_word' id='word_1_208' title='bbox 916 3087 943 3138; x_wconf 91' lang='lat' dir='ltr'><strong>in</strong></span> <span class='ocrx_word' id='word_1_209' title='bbox 967 3101 1036 3140; x_wconf 88' lang='lat' dir='ltr'><strong>nova</strong></span> <span class='ocrx_word' id='word_1_210' title='bbox 1059 3099 1122 3140; x_wconf 84' lang='lat' dir='ltr'><strong>vcro</strong></span> 
     </span>
     <span class='ocr_line' id='line_1_30' title="bbox 209 3161 1121 3240; baseline 0.011 -27"><span class='ocrx_word' id='word_1_211' title='bbox 209 3161 268 3228; x_wconf 86' lang='lat' dir='ltr'><strong>lege</strong></span> <span class='ocrx_word' id='word_1_212' title='bbox 285 3167 373 3232; x_wconf 90' lang='lat' dir='ltr'><strong>potius</strong></span> <span class='ocrx_word' id='word_1_213' title='bbox 399 3169 432 3220; x_wconf 87' lang='lat' dir='ltr'><strong>ad</strong></span> <span class='ocrx_word' id='word_1_214' title='bbox 457 3169 560 3221; x_wconf 86' lang='lat' dir='ltr'><strong>animae</strong></span> <span class='ocrx_word' id='word_1_215' title='bbox 584 3168 703 3221; x_wconf 84' lang='lat' dir='ltr'><strong>maculas</strong></span> <span class='ocrx_word' id='word_1_216' title='bbox 728 3169 881 3238; x_wconf 85' lang='lat' dir='ltr'><strong>attenditur,</strong></span> <span class='ocrx_word' id='word_1_217' title='bbox 908 3172 1121 3240; x_wconf 84' lang='lat' dir='ltr'><strong>quemadmodum</strong></span> 
     </span>
     <span class='ocr_line' id='line_1_31' title="bbox 210 3247 1119 3326; baseline 0.012 -28"><span class='ocrx_word' id='word_1_218' title='bbox 210 3247 272 3300; x_wconf 87' lang='lat' dir='ltr'><strong>illas</strong></span> <span class='ocrx_word' id='word_1_219' title='bbox 291 3263 312 3302; x_wconf 88' lang='lat' dir='ltr'><strong>s.</strong></span> <span class='ocrx_word' id='word_1_220' title='bbox 331 3250 438 3318; x_wconf 81' lang='lat' dir='ltr'><strong>Gregor.</strong></span> <span class='ocrx_word' id='word_1_221' title='bbox 456 3255 489 3306; x_wconf 86' lang='lat' dir='ltr'><strong>ad</strong></span> <span class='ocrx_word' id='word_1_222' title='bbox 507 3267 612 3308; x_wconf 86' lang='lat' dir='ltr'><strong>sensum</strong></span> <span class='ocrx_word' id='word_1_223' title='bbox 629 3254 752 3308; x_wconf 77' lang='lat' dir='ltr'><strong>moelem</strong></span> <span class='ocrx_word' id='word_1_224' title='bbox 769 3254 886 3323; x_wconf 84' lang='lat' dir='ltr'><strong>perbelle</strong></span> <span class='ocrx_word' id='word_1_225' title='bbox 904 3257 948 3311; x_wconf 89' lang='lat' dir='ltr'><strong>hio</strong></span> <span class='ocrx_word' id='word_1_226' title='bbox 960 3257 1073 3326; x_wconf 80' lang='lat' dir='ltr'><strong>exponit.</strong></span> <span class='ocrx_word' id='word_1_227' title='bbox 1090 3283 1119 3297; x_wconf 87' lang='lat'>-</span> 
     </span>
     <span class='ocr_line' id='line_1_32' title="bbox 211 3331 473 3394; baseline 0.019 -8"><span class='ocrx_word' id='word_1_228' title='bbox 211 3331 230 3394; x_wconf 82' lang='lat'><strong>³)</strong></span> <span class='ocrx_word' id='word_1_229' title='bbox 250 3335 313 3394; x_wconf 84' lang='lat' dir='ltr'><strong>Alit.</strong></span> <span class='ocrx_word' id='word_1_230' title='bbox 332 3336 473 3392; x_wconf 80' lang='lat' dir='ltr'><strong>obstaculo.</strong></span> 
     </span>
    </p>
   </div>
   <div class='ocr_carea' id='block_1_4' title="bbox 481 3507 768 3530">
    <p class='ocr_par' dir='ltr' id='par_1_6' title="bbox 481 3507 768 3530">
     <span class='ocr_line' id='line_1_33' title="bbox 481 3507 768 3530; baseline 0.003 -6"><span class='ocrx_word' id='word_1_231' title='bbox 481 3507 768 3530; x_wconf 53' lang='lat' dir='ltr'><strong><em>m</em></strong></span> 
     </span>
    </p>
   </div>
   <div class='ocr_carea' id='block_1_5' title="bbox 0 0 1282 4150">
    <p class='ocr_par' dir='ltr' id='par_1_7' title="bbox 0 0 1282 4150">
     <span class='ocr_line' id='line_1_34' title="bbox 0 0 1282 4150; baseline 0 2"><span class='ocrx_word' id='word_1_232' title='bbox 0 0 1282 4150; x_wconf 95' lang='lat' dir='ltr'><strong> </strong></span> 
     </span>
    </p>
   </div>
  </div>
 </body>
</html>
