2520 4152
453 197 716 262 '-·-161-

90 362 253 431 retinere.
297 360 338 428 In
359 360 493 446 populis
523 370 633 432 auam
656 360 734 428 talia
763 361 905 448 quisquc
927 359 1096 430 maledicit

89 470 175 542 tar,
210 460 291 545 quia
322 460 356 524 in
389 459 494 530 solius
525 461 623 548 'calpa
655 461 780 528 silentii
810 481 870 546 pcc
898 459 1098 542 multorum»

92 574 184 647 quos
211 559 377 642 corrigere
404 561 532 644 potu-it,
565 577 680 648 poena
702 561 889 626 damnatur.
934 558 970 626 St
991 560 1095 628 medin

92 657 218 728 cibalis
239 658 321 725 artis
343 659 476 724 minime
498 659 609 745 ignari
631 659 812 728 secandum
833 659 957 726 vulnus
979 679 1092 726 cerne·

91 767 187 838 rent,
222 766 390 828 ettamen
412 779 528 822 secare
555 766 767 839 recusarent,
800 757 948 842 proiecto
978 777 1093 844 peeca-

22 853 24 856 ’
92 865 169 923 tum
190 855 362 923 fraternae
387 858 503 922 mortis
530 879 572 922 ex
595 857 665 922 solo
689 867 823 942 torpore
844 858 1096 926 committerent
1210 885 1213 890 ·

95 953 237 1034 Quanta
259 977 339 1039 ergo
363 955 464 1040 culpe
485 955 704 1022 involvantur
725 957 912 1042 aspiciant,
937 957 996 1042 qui
1014 957 1096 1024 duur

94 1065 301 1138 cognoscunt
331 1054 477 1120 vulnera
502 1056 676 1138 mentium,
707 1077 827 1122 curare
856 1079 896 1121 ca
918 1055 1095 1140 negligunt

94 1154 243 1218 sectione
272 1150 461 1218 verborum.
504 1153 603 1220 Unde
635 1163 667 1218 et
694 1154 779 1219 bene
805 1172 865 1242 per
896 1153 1097 1242 prophetam
1160 1211 1162 1216 .

94 1251 232 1322 dieitur:
263 1251 544 1335 Maledictus,
578 1255 649 1338 qui
676 1251 881 1340 prohibet
903 1251 1091 1337 gladium

96 1373 212 1416 surum
245 1374 265 1416 a
297 1354 514 1436 sanguine.
542 1350 569 1437 ¹)
616 1351 773 1418 Gladium
806 1353 930 1438 quippe
963 1374 983 1416 a
1016 1373 1090 1418 san-

94 1449 199 1535 guine
224 1448 418 1535 prohibere,
451 1461 511 1520 est·
526 1451 786 1539 praedicationis
809 1449 947 1515 verbum
976 1473 997 1514 a
1019 1470 1098 1530 cerr,

93 1548 184 1614 nelis
212 1548 300 1613 vitae
333 1550 561 1616 interfectione
590 1554 746 1618 retinere.
790 1550 842 1614 De
873 1572 938 1636 quo
958 1571 1091 1617 rursum

92 1647 207 1733 gladio
230 1647 369 1714 dicitur:
404 1650 455 1716 Et
484 1649 657 1735 gladius
686 1671 800 1714 meus
820 1648 1091 1716 manducavit

93 1769 256 1812 carnes.
274 1748 301 1832 ²)

64 1884 67 1888 ·
154 1846 200 1910 Hi
221 1848 351 1930 itaque,
376 1869 450 1910 cum
472 1847 563 1934 apud
584 1871 618 1912 se
635 1869 817 1914 sermonem
832 1848 1090 1934 praedicationis

95 1945 280 2027 occultant,
317 1943 450 2008 divinas
477 1956 591 2010 contra
620 1968 655 2012 se
684 1949 867 2013 sententias
893 1946 1090 2014 terribiliter

94 2044 251 2124 audiant,
277 2054 442 2130 quatenus
465 2044 509 2108 ab¹
530 2067 643 2111 eorum
664 2045 817 2110 cordibus
830 2047 976 2113 timorem
991 2045 1089 2112 rimor

95 2143 248 2230 expellat.
290 2142 458 2225 Audient,
482 2143 571 2230 quod
592 2143 769 2225 talentum,
793 2144 851 2230 qui
873 2165 1012 2226 erogare
1030 2163 1089 2210 no·

91 2243 170 2326 luit,
195 2265 268 2308 oum
292 2243 460 2311 sententia
483 2241 708 2309 damnationis
729 2244 850 2310 amisit.
865 2243 891 2328 ³⁴)
925 2240 1088 2325 Audiam,

95 2341 182 2429 quod
215 2342 345 2410 Paulus
373 2366 412 2408 co
441 2365 476 2407 sc
505 2363 526 2406 a
554 2344 779 2428 proximorum
808 2343 973 2427 sanguine
995 2363 1099 2413 man.

95 2443 171 2506 dnm
199 2443 361 2523 credidit,
397 2464 462 2529 quo
490 2441 651 2508 feriendis
679 2465 791 2510 eorum
822 2443 913 2508 vitiis
939 2463 1002 2508 non
1033 2463 1088 2528 pc·

93 2544 201 2629 percit
235 2541 362 2608 dicens:
404 2542 631 2610 Contestor
668 2565 741 2608 vos
773 2542 980 2610 hodierna
1007 2542 1087 2624 die,

95 2643 192 2728 quia
214 2639 388 2707 mundus
411 2664 494 2705 sum
516 2663 536 2704 a
559 2643 770 2726 sanguine
794 2625 986 2708 omniur'n:
1008 2662 1097 2708 non,

94 2743 204 2806 enim
227 2739 491 2824 subterfugi,
523 2744 746 2826 quominus
775 2742 1091 2809 annuntiarent

96 2863 213 2905 omne
235 2838 454 2906 consilium
478 2839 558 2904 Dei
578 2840 708 2906 vobis.
730 2839 758 2922 l)
801 2839 969 2920 Audierat,
998 2839 1087 2924 quod

94 2958 173 3001 voce
204 2937 354 3021 angelica
391 2937 544 3004 Joannaa
579 2939 796 3018 admonetur,
841 2960 917 3004 oum
948 2939 1086 3007 dicitur:

96 3032 178 3112 Qui
200 3036 339 3116 audit,
362 3035 490 3102 dicat:
512 3038 626 3102 Veni.
652 3036 677 3121 ⁵)
723 3036 769 3102 Ut
799 3039 952 3100 nimirum
974 3037 1028 3102 cui
1051 3059 1088 3104 se

95 3153 160 3199 unx
192 3133 323 3199 interna
352 3133 517 3219 insinuat,
547 3135 630 3200 illuc
658 3134 755 3200 etiam
784 3133 959 3200 clamando
988 3134 1088 3218 alios,

96 3251 164 3318 quo
188 3231 262 3316 ipsc
287 3233 437 3314 rapitur,
469 3231 600 3314 trabeas
632 3255 675 3302 nc
709 3231 840 3301 clausas
860 3234 960 3300 vtores
976 3236 1094 3320 etiem

95 3340 231 3406 vocatus
252 3331 420 3414 inveniat,
453 3336 482 3398 si
509 3333 644 3399 vocanti
670 3353 796 3398 vacuus
828 3332 1086 3421 appropinquat

127 3571 152 3636 ¹)
164 3569 218 3623 ur.
236 3569 278 3638 ro,
298 3570 340 3626 ro.
359 3589 390 3612 -=
411 3567 437 3637 ¹)¹
451 3567 586 3636 usurae,
605 3570 648 3625 ra
667 3595 699 3620 ‚-
717 3568 745 3639 o
759 3573 854 3626 *narn
870 3574 912 3640 aa,
931 3527 973 3630 si.
991 3581 1039 3631 aa.
1052 3604 1088 3618 ω

159 3654 182 3722 a
200 3660 259 3710 aa
276 3655 383 3725 acco
401 3657 444 3714 27.
464 3685 494 3698 -
516 3654 539 3724 ⁸)
557 3658 638 3724 spos.
657 3657 699 3725 22,
719 3657 760 3712 17.
