2520 4152
512 239 554 256 -
595 201 663 270 lid
700 235 747 254 -ν

125 379 239 450 atem,
271 369 337 456 qni
350 367 614 457 delinquentium
637 366 763 434 scelera
791 368 1026 436 incunctanter
1045 361 1130 434 terii·

97 463 221 547 'rena
251 467 382 533 dicens:
422 458 570 555 Siquis
600 467 770 534 Domini
804 478 885 550 est,
914 469 1130 554 jungatur·

125 565 240 633 milri:
262 576 390 652 ponat
413 567 476 632 vir
499 566 689 652 gladium
709 565 987 654 superfemur
1003 588 1126 642 suum:

124 667 186 732 ite
209 677 248 730 ct
268 666 406 732 redite
428 666 476 732 de
498 674 622 752 porta
644 686 777 751 usque
799 666 850 731 ad
872 675 1030 752 portam
1052 661 1130 752 per'-

125 763 305 832 medium
334 774 588 844 castrorum,
624 775 665 827 et
696 766 867 830 occidat
896 765 1128 851 unusquis*

126 887 209 952 que
255 864 437 930 fratrem
486 875 529 929 et
567 864 741 929 amioum
788 875 830 927 ct
873 863 1128 947 proximum

125 985 255 1030 auum.
277 964 302 1049 Ι)
346 961 502 1028 Gladium
524 962 650 1050 quippe
673 983 772 1046 super
793 963 901 1026 femur
927 981 1052 1049 ponere
1075 972 1128 1028 ast

125 1061 389 1150 praedicationis
407 1063 553 1129 studium
572 1061 801 1149 voluptatibus
816 1063 927 1128 carnia
948 1061 1133 1144 anteferre3

124 1171 165 1226 'ut
203 1184 278 1225 cum
305 1165 421 1227 sancta
450 1163 525 1249 quis
556 1161 668 1227 studet
695 1161 821 1241 dicere,
865 1173 957 1228 curet
989 1183 1127 1227 neccsse

123 1270 196 1342 est,
221 1259 358 1328 illicitas
381 1262 612 1347 suggestiones
635 1260 800 1326 edomare.
843 1260 895 1325 De
924 1271 1021 1346 porta
1044 1281 1126 1326 vcro

124 1381 235 1448 usque
258 1360 302 1434 ad
322 1375 454 1446 portam
484 1363 533 1425 ire
557 1371 608 1426 est
628 1383 649 1424 a
673 1361 754 1429 vitio
783 1383 890 1447 usque
920 1361 966 1426 ad
993 1360 1123 1441 vitium,

127 1480 189 1546 per
217 1459 307 1546 quod
333 1458 376 1523 ad
403 1469 544 1526 mentem
567 1483 662 1526 'mors
683 1460 886 1546 ingreditur,
920 1459 1125 1546 increpando

124 1557 323 1625 discurrere.
356 1558 423 1625 Per
436 1559 581 1624 medium
603 1581 685 1624 vero
706 1569 891 1626 castrorum
913 1561 1056 1624 transire
1074 1567 1125 1622 est

66 1674 69 1680 '
99 1743 102 1748 Ι
125 1669 224 1723 tanta
244 1658 451 1742 aequalitate
473 1660 572 1725 intra·
585 1659 771 1724 Ecclesiam
793 1659 917 1740 vivere,
939 1657 1051 1743 utqui
1068 1654 1125 1720 de-

126 1755 348 1842 linquentium
372 1755 488 1845 culpas
510 1759 707 1843 redarguit,
740 1757 774 1820 in
795 1757 924 1822 nullius
946 1778 982 1820 se
1004 1754 1125 1818 debeat

126 1853 278 1920 favorem
300 1853 475 1936 declinare.
514 1856 612 1920 Unde
634 1867 669 1920 et
687 1866 777 1920 recte
800 1853 1029 1942 subjungitur:
1056 1851 1121 1918 Oc·

125 1953 241 2020 oidat
270 1954 332 2017 vir
360 1953 531 2019 fratrem
562 1965 602 2018 et
628 1957 797 2020 amicum
825 1966 864 2019 et
893 1954 1120 2040 proximum

127 2075 257 2118 sunm.
301 2054 454 2118 Fratrem
484 2052 613 2118 seilicet
639 2065 671 2117 et
702 2054 843 2116 amioum
874 2063 907 2118 et
933 2053 1121 2138 proximum

125 2151 302 2232 interficit,
326 2151 480 2238 quicum
502 2151 672 2239 punienda
694 2152 839 2230 invenit,
862 2149 906 2215 ab
923 2151 1121 2235 increpatio·

126 2253 180 2319 nis
210 2248 326 2334 gladio
357 2272 418 2316 nec
446 2252 515 2331 eis,
552 2273 634 2337 quos
666 2272 726 2334 per
749 2252 980 2334 cognationem
1001 2250 1135 2334 diligit,·

126 2351 245 2438 parcit.
289 2349 325 2414 Si
347 2371 425 2433 ergo
450 2351 508 2415 illc
531 2351 599 2415 Dei
626 2350 772 2430 dicitur,
808 2351 866 2436 qui
897 2349 941 2414 ad
968 2349 1122 2416 ferienda

126 2450 210 2514 vitia
231 2447 435 2514 zelo-divmi
457 2451 578 2515 amoris
601 2453 784 2532 excitatur;
820 2449 967 2535 proiecto
989 2471 1063 2514 esse
1086 2469 1121 2514 se

126 2545 195 2612 Dei
216 2548 375 2634 denegat,
400 2551 457 2635 qui
479 2551 678 2637 inquantum
701 2550 841 2632 sufficit,
870 2552 1047 2637 increpare
1069 2551 1119 2614 vi·

125 2657 194 2714 tam
217 2647 401 2712 carnalium
423 2658 563 2714 recusat.

188 2745 234 2810 At
253 2756 373 2814 contra
396 2747 593 2822 admonendi
620 2759 712 2829 sunt,
750 2770 833 2834 quos
856 2771 877 2811 a
898 2747 1118 2833 praedicatio·

125 2846 184 2910 nis.
201 2846 309 2911 officio
331 2845 382 2910 rel
405 2847 611 2934 imperfectio
632 2846 687 2910 vel
711 2859 805 2912 aetas
827 2845 999 2932 prohibet,
1024 2855 1057 2908 et
1068 2855 1134 2908 ta·-

127 2964 204 3008 men
224 2947 457 3030 praecipitatio
482 2943 646 3031 impellit,
675 2965 718 3006 ne
738 2945 817 3027 dum
838 2945 926 3008 tanti
950 2942 1016 3006 sibi
1036 2965 1120 3008 onus

126 3039 229 3106 ot'tieii
244 3043 520 3128 praecipitatione
537 3049 712 3126 arrogant,
733 3043 821 3106 viam
837 3039 902 3106 sibi
916 3040 1120 3127 subsequen·

126 3140 175 3206 tia
193 3140 435 3207 meliorationis
456 3141 648 3220 abscidantp
670 3147 705 3203 ct
728 3159 801 3204 cnm
823 3139 989 3226 arripiunt
1004 3142 1121 3205 intem·

126 3240 275 3328 postire,
298 3240 386 3326 quod
407 3263 476 3307 non
497 3238 630 3321 valent,
652 3235 796 3326 perdant
817 3238 928 3320 etiam,
951 3235 1040 3324 quod
1061 3239 1134 3328 ira-¹

126 3335 222 3427 plere
244 3337 444 3427 quandoque
457 3337 654 3422 tempestive
670 3337 872 3424 potuissent:
895 3345 997 3424 atqua
1016 3337 1124 3404 scien·'¹

126 3437 219 3519 titm,
238 3437 319 3525 quia
330 3437 515 3522 incongrue
527 3444 690 3502 conantur
701 3435 890 3518 ostendere,
904 3439 995 3524 justo
1010 3447 1121 3504 osten·

127 3576 421 3603 -a--v--n-n-
745 3580 758 3618 p,

162 3657 182 3721 ¹)
200 3627 283 3712 sxo'r.
301 3657 349 3725 32,
367 3657 412 3713 27.
