2554 4172
529 174 766 270 'hilma

155 369 207 464 td
221 374 440 458 ptcca'torn'rt
461 354 651 438 rostrorum
677 373 870 438 memoritur
895 369 995 435 tasin<
1011 363 1165 436 sturme

156 455 223 559 istra
244 483 455 550 revocamur,
487 475 589 556 sltqttc
611 481 689 536 ants
719 469 833 536 oculds
860 479 995 534 nostros
1021 462 1168 550 ιιιΜ,

157 587 245 659 quaa
269 593 289 633 ιι
307 569 404 635 nobis
427 569 613 634 summale
642 580 755 654 gestu,
785 566 996 649 reducimus,
1032 579 1073 633 et
1092 579 1167 654 pert

155 669 234 751 lroc,
265 667 355 755 quod
380 667 464 734 foris
494 669 657 752 patimur,
691 670 802 753 magis
832 669 922 734 intus
953 666 1044 756 quod
1070 667 1155 732 fecl-

154 779 228 834 mus
280 766 440 833 dol-omns.
487 766 584 832 Unde
605 765 660 848 fit,
689 778 727 833 ut
748 769 836 832 inter
863 768 982 854 aperta
1011 765 1157 832 vulnera

155 865 305 953 eorporis
327 866 471 952 amplius
497 887 558 951 nos
579 864 699 932 abluat
727 866 828 954 plaga
857 876 988 930 secreta
1012 865 1154 944 ventris,

157 967 237 1052 quia
261 975 359 1032 sanat
379 965 549 1052 nequitias
570 967 669 1052 pravi
699 966 814 1054 operis·
839 963 1004 1030 occultum
1029 961 1163 1030 vulnus·

154 1063 290 1130 doloris.

117 1247 119 1254 Α
216 1160 425 1228 Admonendi
447 1173 525 1228 sunt
547 1165 658 1248 aegri,
692 1177 857 1248 quatenus
879 1163 1061 1250 patientiae
1085 1164 1155 1225 vir·

153 1273 257 1327 tutem
282 1268 431 1341 servent,
455 1273 492 1327 ut
512 1263 736 1343 incessanter,
757 1272 883 1348 quanta
904 1249 1082 1326 Redemto'r
1095 1283 1155 1326 no·

155 1371 225 1426 ster
246 1361 291 1426 ab
313 1362 383 1442 his,
419 1385 503 1448 quos
526 1373 718 1444 creaverat,
742 1359 882 1448 pertulit
902 1360 1013 1448 mala,
1044 1361 1158 1434 consi.

39 1503 40 1507 =
155 1461 285 1526 dorent:
317 1460 405 1547 quod
426 1471 474 1526 tot
497 1461 629 1549 abjecta
652 1461 874 1526 conviciorum
905 1457 1028 1548 probra
1052 1462 1153 1524 susti·

155 1561 243 1624 nuit:
275 1559 362 1646 quod
384 1560 423 1624 de
445 1583 545 1626 manu
568 1561 698 1646 antiqui
718 1559 823 1624 hostis
850 1562 1057 1644 captivorum
1078 1561 1153 1621 ani-

154 1679 227 1724 mas
257 1659 403 1745 quotidie
430 1660 569 1744 rapiens
595 1657 829 1724 insultantium
859 1658 978 1739 alapas
1007 1659 1155 1742 accepit:

156 1757 245 1843 quod
266 1779 356 1842 aqua
378 1757 494 1823 salutis
523 1781 584 1827 nos
612 1758 743 1824 diluens
772 1781 793 1822 a
822 1756 1020 1844 perfidorum
1044 1761 1152 1842 sputis

153 1857 275 1922 faeiem
298 1881 364 1924 non
386 1856 575 1924 abscondit:
605 1857 693 1944 quod
715 1857 930 1922 advocatione
957 1877 1019 1920 sua
1034 1853 1059 1941 1)
1090 1877 1153 1921 nos

154 1953 198 2018 ab
220 1957 366 2022 aeternis
397 1955 570 2042 suppliciis
590 1954 735 2022 liberans
765 1957 887 2020 tacitus
909 1955 1046 2040 flagella
1067 1953 1152 2020 tole·

153 2056 258 2122 ravit:
287 2055 374 2144 quod
395 2058 483 2120 inter
504 2055 706 2140 Angelorum
728 2054 843 2122 choros
865 2077 1032 2142 perennes
1053 2053 1149 2118 nobis

155 2153 298 2220 honores
326 2155 479 2222 tribuens
507 2154 665 2253 colaphos
692 2155 842 2242 pertulit:
879 2155 967 2242 quod
989 2177 1008 2218 a
1029 2171 1146 2238 peeca-

154 2262 263 2318 torum
290 2277 351 2321 nos
383 2253 619 2342 punctionibus
651 2255 786 2320 salvans
817 2256 922 2341 spinis
949 2253 1046 2338 caput
1067 2269 1145 2334 sup·

153 2372 277 2436 ponere
299 2376 366 2419 non
395 2353 578 2419 recusavit:
607 2353 695 2438 quod
723 2365 861 2419 aeterna
886 2377 946 2420 nos
974 2345 1146 2415 dulcedine

154 2450 366 2517 inebrians
357 2477 392 2518 ιιι
413 2455 476 2519 siti
509 2476 569 2516 rua
597 2452 687 2516 fellis
716 2457 837 2519 amarit
824 2453 972 2519 tudinem
1002 2446 1149 2532 aceepit·

156 2549 261 2635 quod,
305 2553 362 2635 qui
390 2575 450 2637 pro
480 2551 577 2617 nobis
605 2549 756 2635 Patrem,
796 2555 947 2639 quamvis
976 2547 1150 2614 divinitate

154 2657 244 2714 esset
266 2651 436 2737 aequalis,
461 2651 630 2732 adoravit,
663 2651 725 2716 sub
747 2654 900 2718 irrisione
921 2651 1151 2716 adoratusta·

154 2750 237 2814 cuit:
260 2750 350 2836 quod
371 2751 473 2816 vitam
494 2752 632 2816 mortuis
655 2773 864 2839 praeparans
881 2771 990 2837 usquc
1005 2745 1049 2811 ad
1064 2767 1149 2811 mor-

152 2861 218 2912 tem
240 2851 312 2936 ipsa
335 2852 405 2916 vita
427 2849 590 2936 pervenit.
615 2854 618 2862 '
640 2851 709 2918 Gur
733 2853 846 2938 itaque
870 2869 1024 2934 asperum
1046 2843 1149 2911 credi·

154 2956 230 3028 tur,
264 2960 302 3013 ut
323 2970 343 3010 a
366 2949 440 3015 Deo
463 2949 559 3016 homo
580 2952 698 3018 toleret
721 2949 857 3036 flagella
887 2971 947 3036 pro
973 2945 1088 3026 malis,
1121 2941 1150 3008 si

153 3057 251 3110 tanta
273 3048 369 3113 Deus
392 3049 435 3112 ab
466 3051 655 3118 hominibus
683 3049 819 3138 pertulit
842 3043 929 3114 mala
949 3069 1009 3134 pro
1031 3044 1150 3109 bonis?

153 3146 224 3210 Aut
247 3147 321 3232 quis
344 3169 427 3214 sana
455 3150 681 3236 intelligentia
709 3149 750 3214 dc
772 3148 985 3236 percussione
1015 3163 1078 3209 suo
1100 3144 1146 3206 ἰιι-

154 3255 270 3329 gratus
294 3248 436 3329 existat,
467 3249 496 3314 si
517 3251 590 3336 ipso
611 3249 737 3315 hinc
711 3271 783 3314 sinc
805 3246 939 3332 flagello
968 3265 1036 3310 non
1057 3242 1147 3319 exiit,

154 3346 212 3432 qui
232 3336 335 3410 lrie
308 3370 380 3412 sine
401 3359 538 3436 peceato
560 3351 668 3416 vixit?

189 3571 208 3633 ¹)
226 3571 403 3636 ‚,Advooatum
422 3572 548 3624 habemus
566 3570 635 3638 apud
653 3571 759 3622 Petrum
770 3573 858 3624 lesum
874 3571 1006 3624 Chrirtum
1022 3564 1146 3636 justum.“

222 3658 247 3712 1.
265 3659 340 3713 Joau.
358 3658 390 3727 2,
409 3659 433 3712 1.
