2520 4152
486 187 712 256 ..uuaz-

98 355 150 420 eie
170 351 317 441 penditio
332 356 468 442 privata
484 349 639 421 sufficiat.
658 345 885 443 *itureamque
902 353 1101 422 admonendi

98 462 198 537 aunt,
221 464 260 519 ut
281 455 310 520 ei
331 453 411 519 moli
432 475 511 519 cete
528 471 596 520 non
615 455 796 536 metuunt,¹
814 454 1100 524 eruceaanueol-

87 563 169 620 tem
189 553 309 636 videri,
333 555 421 640 quod
444 547 766 640 sunt.·'Plerurnque
783 556 868 620 enim
886 554 998 642 culpa,-
1020 555 1100 622 dum

88 651 328 737 absconditur,
352 653 532 738 effugatur:
554 655 635 739 quia
657 653 734 718 dum
754 671 850 718 mene
864 655 1031 720 erubescit
1048 657 1101 722 vi·

100 753 192 834 deri,
214 753 307 839 quod·
322 763 434 818 tamen
456 775 531 818 eeee
552 775 620 827 non
640 755 774 834 metuit,
803 744 977 826 crubescit
993 747 1097 840 quan·

102 851 211 938 doque
232 851 334 935 eierato,¹
351 852 440 938 quod
458 853 555 937 ¹fugit
583 851 702 918 videri.
725 843 831 920 ἵΟιιιιι
851 867 940 919 -vero
973 866 1099 941 pravus

88 953 246 1038 ·quieque
274 951 485 1038 impudenter
512 953 705 1034 innotescit3
739 973 804 1038 quo
835 943 975 1018 liberine
1003 974 1099 1021 omne

102 1051 236 1118 facinus
258 1060 450 1138 perpetrat,
481 1074 520 1118 eo
543 1054 644 1118 etiam
666 1052 791 1118 licitum
813 1043 929 1138 putat3
957 1062 991 1118 et
1013 1051 1102 1138 quod

88 1149 225 1220 ‚licitum
249 1151 456 1236 suspicatur,
480 1152 515 1216 in
536 1149 600 1217 hoc
621 1143 737 1240 procul
756 1141 1101 1240 ¹dubiomultipliciue

101 1250 272 1334 mergitur.
315 1249 412 1316 Unde
441 1253 600 1338 scriptum
631 1263 696 1318 eet:
731 1251 954 1318 Peccatum
989 1275 1102 1317 auum

103 1350 218 1414 sicut
240 1348 415 1415 Sodoma
438 1351 809 1438 praedicaverunt,
833 1372 909 1416 nec
930 1350 1102 1418 abscon·

94 1445 315 1533 noronte)
356 1451 533 1516 Peccatum
563 1453 649 1516 enim
681 1473 776 1517 suum
810 1451 838 1515 ei
872 1449 1028 1516 sodoma*
1044 1448 1102 1514 ab·

102 1547 286 1628 aconderet,
310 1548 419 1614 adhuc
431 1548 634 1616 subtimore
652 1559 833 1638 peccaret.¹
862 1548 927 1614 Sed
949 1549 1102 1616 funditus

99 1644 198 1716 frena
221 1648 350 1716 timoris
371 1651 548 1732 amiserat,
584 1671 672 1736 quae
695 1649 738 1714 ad
761 1648 895 1735 culpam
925 1671 988 1714 nec
1009 1659 1101 1714 tene·

99 1746 180 1814 brae
220 1746 422 1833 inquirebat.
474 1747 573 1824 Unde
607 1758 639 1812 et
674 1765 806 1812 rursum
840 1749 1001 1834 scriptum
1033 1755 1103 1814 eet:

104 1846 272 1913 Clamor
305 1847 567 1914 Sodomorum
599 1857 639 1913 et
672 1847 931 1914 Gomorrhae
962 1846 1102 1912 mniti-

103 1944 286 2032 plicatue
316 1957 388 2013 eet.
409 1947 437 2030 ²)
482 1947 661 2010 Peccatum
691 1949 818 2033 quippe
848 1968 922 2012 cum
950 1966 1032 2011 voce
1053 1955 1104 2012 est

104 2042 262 2130 culpa-in
284 2047 434 2126 actione,
456 2054 631 2132 peccatum
653 2066 733 2112 vero
753 2047 852 2110 'etiam
869 2067 944 2111 cum
957 2045 1103 2111 clamore

103 2152 156 2208 eet
178 2143 277 2231 culpa
298 2167 372 2210 cum
392 2143 560 2209 libertate.
587 2166 590 2175 ·
915 2151 919 2162 '
1049 2156 1052 2166 ’

95 2271 99 2280 ’
165 2243 350 2308 utcontra
372 2242 572 2310 admonenti
595 2254 690 2326 eunt,
720 2243 780 2332 qui
801 2249 963 2308 accusant
983 2267 1102 2330 prava,

102 2364 167 2408 neo
187 2351 298 2408 tamen
320 2342 483 2426 devitant,
506 2355 544 2410 ut
565 2341 704 2429 provide
720 2339 943 2429 perpendant,
969 2343 1050 2430 quid
1068 2339 1104 2411 in

104 2442 255 2508 districto
285 2442 352 2507 Dei
378 2443 510 2531 judicio
526 2466 603 2530 pro
638 2464 700 2526 eun
733 2443 949 2508 excusatione
982 2443 1104 2510 dicturi
1204 2437 1206 2444 ’

105 2551 200 2624 eunt,
234 2543 294 2628 qui
315 2539 356 2606 de
377 2553 473 2608 reatu
490 2565 639 2629 ¹suorum
661 2542 835 2608 criminum
860 2543 960 2608 etiam
984 2553 1102 2610 semet·

103 2641 188 2726 ipris
205 2640 376 2728 judicibus
398 2660 460 2707 non
479 2651 694 2706 excusantur.
727 2641 773 2724 Hi
785 2642 899 2728 itaque
914 2642 997 2730 quid
1010 2641 1103 2708 aliud

105 2759 205 2824 quam
227 2761 407 2826 praecones
431 2750 507 2804 suut
530 2741 606 2804 eui?
636 2741 744 2808 Voces
766 2750 882 2806 contra
895 2740 1012 2828 culpae
1026 2762 1102 2827 pro·

103 2835 232 2919 ferunt,
257 2848 290 2902 et
312 2839 507 2923 semetipsos
530 2837 690 2926 operibus
711 2861 787 2903 reos
808 2831 958 2903 trahunt.
976 2839 1002 2924 ³)
1034 2838 1103 2904 Ad-

102 2936 260 3001 monendi
272 2946 359 3017 aunt,
381 2947 419 3002 ut
439 2934 586 3018 videant,
614 2937 693 3022 quia
713 2936 753 3000 de
766 2935 898 3002 occulta
912 2937 986 3025 jam
1007 2935 1104 3002 retri-

98 3035 240 3100 butione
247 3033 368 3121 judicii
380 3043 439 3116 est,
450 3033 537 3122 quod
549 3055 663 3098 eorum
674 3055 767 3098 mene
779 3033 913 3113 malum,
930 3032 1019 3119 quod
1030 3057 1105 3120 per-

98 3142 233 3222 petrat,
256 3132 487 3213 illuminatur,
507 3141 546 3196 ut
568 3132 697 3214 videat,
721 3130 781 3195 sed
803 3154 871 3197 non
891 3141 1042 3228 conatur,
1065 3141 1105 3198 ut

99 3223 233 3304 cinon:
255 3239 293 3296 ut
315 3249 380 3312 quo
394 3229 515 3294 melina
530 3227 633 3310 videt,
650 3249 688 3293 eo
708 3212 854 3294 deterius
867 3235 1000 3316 pere'at3
1023 3229 1105 3313 quia

99 3335 139 3396 et
159 3325 401 3414 intelligentiae
428 3327 539 3394 lumen
560 3327 719 3416 percipit,
756 3336 789 3394 et
811 3327 952 3399 actionis
974 3349 1103 3417 pravae

1078 3507 1095 3547 ’.Ι

137 3566 158 3633 ·)
175 3563 241 3621 nar.
258 3563 282 3635 a,
300 3563 325 3622 o.
345 3592 375 3604 -
394 3541 415 3628 o
433 3562 498 3619 oen.
517 3561 558 3633 ie,
577 3561 620 3621 20.
639 3589 670 3602 -
691 3511 800 3654 uiui
812 3565 925 3620 nnnc
1014 3645 1017 3653 ¹
1057 3648 1062 3658 Ι

801 3716 820 3783 9
