2554 4172
551 149 754 214 ..96-

161 335 253 400 dioit:
290 325 475 410 Diligite
506 318 699 384 inimiuoa
731 321 918 395 vestroe,
950 313 1068 386 boue,
1096 313 1155 382 fa·

159 437 243 502 oite
265 429 346 510 hia,
371 425 440 510 qui
463 417 635 486 oderunt
656 435 741 494 voe,
765 421 803 477 et
824 422 947 478 orate
968 436 1043 500 pro
1064 435 1154 502 per·
1256 490 1257 493 Ἴ

160 523 435 618 sequentibus
452 510 866 584 etealumniantibua
886 535 968 580 voe.
983 513 1009 600 ¹)
1032 515 1152 580 Virtus
1212 552 1214 556 ·

157 637 271 718 itaque
304 629 354 692 est
384 640 490 689 eoram
521 611 711 680 hominibus
743 611 958 679 adversarios
993 610 1159 696 toleraret

157 731 215 802 sed
235 731 342 796 virtus
364 739 470 790 eoram
492 713 565 778 Deo
580 710 737 796 diligere:
760 710 915 797 quiahoc
934 710 1042 783 nolum
1057 711 1156 783 Deua
1256 708 1257 739 ³

158 827 355 902 sacrificium
377 814 511 900 aooipit,
542 808 633 897 quod
656 819 733 877 ante
756 812 832 898 ejus
854 810 971 878 oeulos
993 812 1029 876 in
1051 809 1156 876 altari

156 931 236 998 boni
258 923 364 1013 operis
381 916 511 981 flamma
532 911 682 976 caritatis
698 909 855 976 incendit.
893 911 982 978 Hine
1001 908 1159 998 estquod

121 1010 124 1016 ¹
155 1049 285 1099 rursum
307 1012 506 1106 quibusdam
536 1009 759 1096 patientibus,
791 1019 989 1077 nontamen
1012 1009 1156 1094 diligen·

155 1129 244 1196 tibus
275 1119 367 1186 dioit:
402 1106 514 1190 Quid
541 1117 681 1174 autem
713 1109 832 1176 videa
864 1109 1080 1176 feetueam
1112 1109 1158 1174 in

157 1223 277 1296 oeulo
308 1211 458 1280 fratris
487 1208 562 1290 tui,
599 1218 636 1274 et
665 1207 829 1274 trabem
863 1209 905 1272 in
936 1207 1054 1274 oeulo
1081 1217 1157 1276 tuo

154 1345 229 1393 non
252 1309 391 1383 videa?
409 1305 435 1392 2)
466 1306 680 1374 Perturbatio
703 1308 828 1395 quippe
850 1308 1084 1393 impatientiae
1099 1307 1154 1372 xfo·
1257 1311 1258 1326 ²

154 1433 247 1491 atuoa
275 1420 341 1492 est3
375 1406 505 1472 malitia
533 1429 614 1472 vero
642 1409 680 1470 in
711 1405 810 1472 eorde
840 1407 957 1474 trabea
987 1408 1023 1473 in
1045 1405 1160 1474 oeulo.

151 1517 250 1595 Illam
274 1529 419 1594 namque
442 1526 527 1570 aura
549 1506 746 1572 tentationis
768 1505 894 1590 agitat,
928 1502 1018 1572 hane
1040 1515 1155 1572 autem
1257 1577 1258 1588 χ

151 1615 374 1683 consummata
396 1604 550 1692 nequitia
565 1603 1013 1691 peneimmobiliterportat.
1046 1607 1158 1674 Recte
1257 1603 1258 1658 ἐ

149 1733 229 1784 vero
258 1703 329 1770 illie
358 1701 591 1791 subjungitur:
625 1702 884 1790 Hypoerita,
919 1705 1034 1790 ejiee
1066 1709 1152 1793 pri·

149 1829 246 1878 mum
267 1804 426 1869 trabem
457 1801 504 1874 de
529 1800 654 1868 ooulo
677 1811 765 1884 tuo,
789 1813 827 1869 et
847 1814 948 1869 tune
972 1805 1154 1883 videbis

149 1908 303 1996 ejicere
335 1901 545 1968 festucam
576 1901 624 1964 de
658 1899 783 1968 oeulo
817 1901 977 1968 fratris
1019 1906 1098 1970 tui.
1123 1905 1151 1992 ³)

147 2005 198 2072 Ae
233 2003 261 2068 si
294 2001 425 2066 dieanrr
455 2001 559 2066 menti
591 2001 730 2088 iniquae
761 2001 903 2068 interius
934 2001 1081 2085 dolenti,
1118 2015 1152 2072 et

150 2109 298 2168 sanetum
328 2122 363 2165 ae
384 2100 543 2188 ¹exterius
576 2121 637 2186 per
669 2101 865 2185 patientiam
894 2101 1149 2170 demonstranti:

150 2201 249 2268 Prius
273 2222 293 2265 a
315 2209 349 2265 te
370 2200 490 2265 molem
512 2198 661 2264 malitiae
684 2208 822 2282 excute,
846 2210 880 2265 et
901 2213 983 2270 tune
1002 2201 1084 2266 alios
1103 2199 1145 2264 de

148 2299 380 2384 impatientiae
402 2297 542 2366 levitate
563 2296 794 2385 reprehende,
826 2321 869 2366 ne
890 2300 970 2368 dum
986 2318 1052 2366 nou
1075 2307 1145 2366 etu-

148 2397 207 2464 dee
229 2395 475 2464 simulationem
490 2398 638 2480 vincere,
659 2397 759 2484 pejus
775 2397 838 2465 tibi
854 2401 898 2466 ait
913 2399 1025 2466 aliena
1038 2419 1151 2486 prava

148 2495 302 2563 tolerare.

214 2593 363 2660 Evenire
387 2597 487 2660 etiam
513 2594 707 2684 plerumque
738 2599 946 2684 patientibus
976 2597 1091 2682 solet,
1114 2609 1154 2664 nt

149 2715 188 2762 eo
210 2693 344 2782 quidem
365 2704 526 2781 tempore,
547 2717 613 2782 quo
635 2696 690 2762 vel
712 2698 858 2766 adverse
878 2700 1054 2776 patiuntur
1065 2746 1074 2781 ,
1097 2694 1152 2772 vel

150 2792 370 2862 oontumeliae
392 2793 552 2878 audiunt,
575 2795 670 2862 nullo
694 2796 808 2865 dolore
830 2797 1023 2885 pulsentur,
1048 2806 1081 2862 et
1103 2797 1151 2862 aio

148 2891 349 2980 patientiam
363 2891 556 2977 exhibeant,
578 2903 617 2960 ut
629 2895 797 2964 eustodire
812 2899 911 2964 etiam
929 2896 1038 2964 cordis
1054 2895 1151 2962 inno·

149 2992 294 3058 centiam
315 3015 382 3060 non
404 2992 655 3077 omittant3'sed
677 3015 751 3061 oum
772 3005 849 3083 poet
870 2995 1046 3084 paululum
1065 2995 1157 3060 haee

147 3092 235 3180 ipsa,
260 3113 347 3179 quae
369 3091 577 3180 pertulerint,
600 3093 647 3160 ¹ad
664 3096 857 3162 memoriam
874 3103 1050 3179 revocant,
1071 3094 1154 3176 igne

150 3211 186 3256 aa
209 3188 330 3258 doloris
351 3190 568 3280 inflammant,
590 3205 789 3280 argumenta
809 3193 946 3264 ultionis
965 3193 1164 3282 inquirunt,

150 3299 185 3356 et
204 3289 517 3377 mansuetudinem,
540 3314 641 3378 quam
662 3293 846 3361 tolerantes
870 3291 1076 3375 habuerunt,
1098 3311 1153 3357 re·

148 3397 334 3457 traetantes
366 3390 402 3458 in
434 3391 597 3460 malitiam
627 3401 772 3461 vertunt.
827 3391 961 3474 Quibus
994 3391 1096 3458 eitius
1129 3410 1157 3455 a

179 3603 191 3634 ¹
222 3602 285 3662 Luc.
295 3602 321 3672 6,
339 3603 381 3660 27.
399 3601 473 3684 -“,’)
486 3603 586 3685 dlatth.
606 3605 630 3674 t,
644 3601 780 3671 tutior.
798 3604 824 3675 d,
841 3604 928 3660 tr.·-
947 3603 970 3671 ⁸)
987 3597 1154 3672 Metuit&
