2554 4172
457 240 512 256 ..,
540 203 614 272 lm:
645 239 685 256 .-

75 381 140 444 tur.
182 371 256 438 illis
277 367 453 438 dicendum
475 379 543 454 eit,
567 369 659 456 quia
684 367 749 434 m’ei
777 365 931 434 motas
959 388 994 434 ee
1015 389 1086 435 cer·

74 474 158 541 terh
189 471 442 552 aestimarantf
465 487 679 554 nequaquam
710 474 904 532 cunctorum
930 464 1074 536 emnia

70 579 162 638 'rosseo¹
182 567 418 634 deliberationi
439 574 692 653 postponerentt
712 563 789 630 istie
810 560 989 632 dicendum
1008 575 1086 646 erte

75 671 160 756 quis
181 669 210 734 ei
231 667 307 750 boe,
331 666 420 754 quod
440 677 537 746 sunt,
564 673 742 750 utcumque
763 661 994 746 clusisset,
1015 687 1086 733 ue*

76 789 252 856 quaquam
270 787 325 832 eos
347 774 478 850 portet
499 763 678 828 varietatis
693 761 800 828 latera
820 761 1086 844 *incubita

75 868 121 932 tis
143 887 233 931 *eure
261 871 423 930 verreret.
467 863 543 928 Illis
567 884 629 950 per
658 861 803 928 Paulum
831 861 969 928 dicitur:
999 860 1084 930 Nou

76 965 156 1031 lite
177 965 407 1052 prudentes
429 984 521 1028 esse
542 961 652 1047 opud
672 963 954 1049 vosmetipsos
969 959 1011 1048 2);
1037 971 1073 1030 at

76 1074 196 1130 ccutm
218 1063 274 1127 isti
296 1060 454 1127 audiunt:
477 1061 565 1127 Non
591 1059 944 1127 circumferamur
963 1062 1085 1128 omui

77 1172 207 1228 vento
226 1160 461 1225 doctrinae.
481 1158 507 1242 3)
554 1162 608 1226 De
631 1157 702 1226 illie
723 1182 785 1247 per
800 1159 1006 1227 Salomonem
1024 1161 1073 1226 di·

75 1264 182 1328 cibor:
223 1259 449 1326 Comedeut
476 1259 644 1325 fruetus
675 1261 773 1324 vise
809 1282 930 1342 suae,
965 1262 1070 1326 suis·

77 1381 161 1447 que
183 1358 384 1424 consiliis
406 1357 781 1444 saturabuntur‘⁸)‚
805 1358 941 1426 deictis
963 1370 1086 1427 autom*

76 1458 124 1526 ab
142 1459 498 1526 eorursusscribiturt
521 1458 599 1526 (ior
621 1457 846 1526 stultorum
866 1457 1087 1526 dissimile·

67 1561 165 1672 psit
187 1557 213 1645 5)
256 1559 324 1624 Oor
352 1560 476 1646 quippo
504 1559 694 1641 sapientum
721 1555 920 1645 sibimetipsi
945 1581 1075 1645 semper

78 1668 131 1724 eet
153 1658 276 1741 simile;
299 1659 379 1744 quia
400 1658 480 1722 dum
500 1659 602 1723 rectis
622 1657 898 1744 persuasionibus
919 1661 1073 1745 aequies-

78 1759 144 1841 cit‚
173 1767 363 1822 commutes
386 1779 421 1820 se
443 1758 479 1821 in
501 1755 588 1822 bono
610 1779 712 1843 opere
739 1753 876 1840 dirigit
906 1756 973 1824 Ocr
996 1781 1075 1825 vero

79 1855 259 1920 stultorum
290 1854 446 1920 dissimile
477 1865 542 1938 est3
577 1857 657 1941 quia
685 1854 764 1920 dum
790 1853 1011 1922 mutabilitate
1040 1877 1076 1922 se

78 1955 212 2018 verium
235 1952 592 2038 exhibea-numquam
613 1955 667 2036 id,
690 1954 780 2042 quod
798 1954 926 2038 fuerat,
953 1966 1074 2023 manet.

79 2053 127 2118 Et
149 2053 230 2140 quia
252 2051 417 2139 quaedem
436 2053 522 2116 vitia
544 2055 632 2120 sicut
653 2075 695 2117 ex
724 2053 910 2140 semetipsis
934 2055 1077 2138 gignunt

79 2151 171 2233 alia,
195 2152 244 2218 ite
266 2173 317 2215 eso
330 2150 407 2216 aliis
422 2153 584 2234 criuntur,
607 2152 777 2246 sciendum
790 2173 997 2242 summopere
1012 2163 1075 2234 cst,

81 2251 173 2338 quod
193 2262 334 2317 iuncea
354 2251 566 2336 corripiendo
586 2252 706 2316 melius
727 2251 887 2334 tergimus
894 2299 904 2333 ,
935 2273 1010 2316 eum
1032 2249 1075 2316 ab

79 2352 154 2440 ipso
176 2350 412 2418 amaritudinis
439 2372 521 2415 suae
547 2351 638 2418 fonte
666 2351 840 2416 siccamus.
883 2350 1077 2427 Pertinacia

81 2453 209 2540 quippe
232 2474 273 2516 ex
296 2448 472 2537 superbie,
501 2451 727 2516 inconstantia
755 2472 835 2516 vero
866 2473 909 2515 ex
937 2450 1076 2518 levitate

82 2561 274 2634 generatur.

143 2647 354 2715 Admonendi
375 2649 478 2732 igitur
501 2659 580 2714 suut
600 2650 807 2735 pertinaces,
838 2658 876 2714 ut
899 2649 1076 2716 elationem

82 2769 164 2814 suae
196 2749 406 2832 cogitationis
433 2758 620 2832 agnoscent
654 2760 687 2814 et
716 2750 912 2834 semetipsos
940 2751 1076 2814 vincere

84 2847 255 2928 studeant3
288 2870 329 2912 ne
362 2847 438 2912 dum
464 2848 564 2912 rectis
584 2847 729 2913 ‘aliorum
753 2844 966 2912 suasionibus
995 2847 1076 2912 foris

84 2947 241 3030 superari
261 2944 461 3031 despiciunt,
485 2947 576 3012 intus
592 2967 612 3008 a
627 2943 788 3031 superbia
802 2947 929 3032 captivi
939 2953 1076 3012 tenean·

83 3055 148 3110 tur.
191 3040 399 3112 Admonendi
425 3056 517 3126 sunt,
551 3055 590 3111 ut
617 3043 753 3110 solerter
781 3045 962 3129 aspiciant,
997 3045 1078 3129 quia

80 3144 175 3212 filius
198 3139 358 3225 bominis,
381 3145 434 3209 cui
455 3167 523 3210 una
546 3164 676 3228 semper
697 3163 771 3205 cum
794 3141 895 3208 Patre
919 3141 1077 3210 voluntas

82 3253 152 3324 est,
186 3251 223 3306 ut
246 3241 432 3328 exemplum
454 3243 551 3310 nobis
572 3237 781 3324 frangendos
807 3252 940 3308 uestrae
962 3240 1076 3309 voluu-

82 3344 164 3411 tetis
185 3338 366 3428 praebeat,
392 3339 486 3406 dicit:
515 3342 604 3406 Non
625 3361 784 3426 quaero
815 3340 1074 3408 voluntatem

121 3575 143 3637 ¹)
163 3570 227 3622 Alit.
245 3569 341 3622 littora.
361 3599 393 3608 -
430 3569 449 3632 ²)
467 3569 540 3621 Rom.
560 3569 600 3635 12,
621 3570 662 3626 16.
681 3599 713 3608 -
741 3568 1028 3638 3).Ερ1]εε.4,11.-
1056 3565 1088 3633 t),

153 3659 229 3711 Prov.
245 3657 271 3724 1,
289 3656 331 3712 31.
349 3685 384 3696 -—
403 3656 426 3724 ⁵)
444 3657 520 3711 Prot.
539 3653 614 3723 rot
743 3666 747 3674 ⁴
