2520 4152
483 169 625 240 -utlr
670 210 709 224 ·-

93 343 128 428 si
158 364 180 408 s
209 340 392 428 scriptione
414 339 615 420 cessaverit,
649 339 732 424 quia
759 336 826 406 clia
852 362 921 408 non
954 339 1098 426 addidit,¹
1253 399 1254 426 ἶ

93 441 201 510 etiam
222 438 305 522 illa,
328 459 416 526 quae
439 439 629 524 scripserat,
652 437 791 504 delevit:
812 462 924 525 neque
946 442 1004 528 qui
1019 463 1096 508 cons
1191 489 1193 495 r
1253 469 1254 500 ι

91 537 250 609 tumelias
271 538 415 622 irrogat,
448 538 477 604 si
498 536 698 604 solummodo
727 540 886 622 tacuerit,
921 541 1096 626 satisfecit,
1253 531 1254 554 ¹

95 661 175 707 cum
195 637 347 726 profecto
368 658 504 704 necesse
527 639 586 722 sit,
615 647 653 702 ut
673 636 777 704 verba
804 641 1008 726 praemissae
1040 663 1096 708 sun

96 737 239 823 perbiae
262 735 376 803 verbis
398 737 573 822 subjectae
594 734 793 803 humilitatis
814 739 1001 824 impugnet:
1030 761 1097 805 nco

99 834 231 904 debitor
253 834 427 902 absolutus
451 845 515 919 est,
533 837 613 922 quia
628 835 697 900 alia
710 857 776 902 non
793 836 1005 922 multiplicat,
1029 839 1096 904 nisi

101 945 136 1002 et
155 935 232 1018 ille,
257 957 345 1022 quse
368 934 545 1020 ligaverat,
567 933 685 1002 solvat
728 935 782 1001 Ita
805 945 931 1002 etcum
947 936 1022 1002 Deo
1037 937 1095 1002 dc-

99 1035 299 1122 linquimus,
310 1073 312 1076 ·
322 1057 537 1122 nequaquam
557 1033 796 1117 satisfacimus,
819 1035 847 1099 si
860 1033 903 1100 ab
916 1037 1099 1124 iniquitate

99 1157 269 1204 cessamus
277 1183 287 1216 ,
315 1135 385 1202 nisi
405 1131 592 1218 voluptates
615 1153 767 1218 quoque,
798 1156 883 1221 ques
905 1132 1096 1216 dileximus,

100 1258 119 1302 s
142 1235 308 1301 contrario
328 1233 492 1320 appositis
512 1230 663 1298 lamentis
684 1233 909 1320 insequamur.
948 1233 985 1298 Si
1006 1235 1094 1318 enim

98 1331 200 1400 nulla
218 1356 277 1399 nos
298 1335 333 1398 in
355 1331 419 1396 hac
440 1332 512 1397 vita
534 1353 671 1419 operum
687 1330 786 1418 culpa
800 1331 1013 1416 maculasset,
1034 1353 1098 1400 ne·

101 1453 270 1518 quaquam
291 1430 389 1496 nobis
410 1429 464 1494 hic
487 1427 597 1494 adbuc
619 1427 820 1514 degentibus
841 1431 916 1518 ipsa
938 1433 982 1497 ad
1001 1454 1094 1499 secu·

99 1531 232 1596 ritatem
253 1529 446 1596 innocentia
459 1537 574 1595 nostra
590 1527 769 1612 sufficeret,
791 1531 874 1616 quia
885 1530 1007 1596 illicita
1021 1532 1094 1597 sni·

98 1651 188 1698 mum
210 1628 313 1695 multa
334 1628 518 1716 pulsarent.
554 1626 632 1706 Qua
653 1649 732 1712 ergo
752 1637 863 1694 mente
879 1651 1015 1696 securus
1030 1638 1094 1714 est,

98 1730 158 1816 qui
180 1730 385 1816 perpetratis
400 1725 636 1814 iniquitatibus
646 1728 718 1814 ipse
736 1727 803 1792 sibi
813 1731 911 1795 testis
930 1739 992 1812 est,
1014 1731 1096 1816 quia
1123 1777 1125 1781 ,

97 1829 259 1894 innocens
280 1850 348 1895 non
370 1827 444 1894 est?

163 1926 281 2015 Neque
309 1928 396 1993 enim
423 1925 519 1992 Deus
547 1925 669 1992 nostris
698 1925 901 1994 cruciatibus
931 1926 1097 2013 pascitur,

102 2025 162 2091 sed
177 2024 371 2093 delictorum
384 2024 513 2090 morbos
526 2021 552 2112 ¹)
574 2024 825 2092 medicamentis
841 2027 1015 2092 contrariis
1027 2047 1096 2092 me·

102 2124 217 2208 detur,
238 2135 275 2190 ut
297 2125 356 2213 qui
372 2124 606 2210 voluptatibus
621 2123 782 2190 delectati
791 2125 1013 2207 discessimus,
1035 2125 1094 2190 fle·

97 2221 187 2290 tibus
216 2225 393 2290 amaricati
421 2223 613 2306 redeamus3
653 2232 686 2287 et
714 2226 771 2310 qui
799 2247 860 2312 per
889 2223 1009 2290 illicita
1037 2223 1096 2303 de·¹

97 2319 230 2390 fluendo
257 2323 454 2406 cecidimus,
486 2323 586 2390 etiam
617 2345 637 2390 a
665 2324 765 2390 licitis
795 2325 1012 2410 nosmetipsos
1040 2343 1093 2386 re·

98 2421 293 2507 stringendo
323 2446 515 2508 surgamus:
544 2433 578 2490 et
599 2443 670 2512 cor,
710 2423 800 2511 quod
821 2425 942 2490 insana
963 2421 1095 2488 laetitia

94 2521 282 2606 infuderat,
311 2521 455 2587 salubris
476 2524 613 2588 tristitia
634 2533 769 2590 exurat:
802 2533 836 2590 et
863 2522 952 2612 quod
976 2521 1093 2588 vulne·

94 2632 233 2687 raverat
255 2621 354 2687 elatio
375 2621 575 2710 superbiae,
611 2633 703 2688 curet
724 2621 867 2710 abjectio
888 2619 1021 2706 humilis
1044 2621 1092 2687 vi-

94 2728 160 2784 tae.
203 2721 292 2786 Hinc
313 2721 401 2786 enim
424 2722 579 2806 scriptum
603 2730 667 2786 est:
689 2719 792 2786 Dixi
814 2715 992 2808 iniquis:
1020 2719 1093 2785 No·

95 2813 173 2885 lite
197 2819 358 2908 inique
381 2841 525 2904 agere;
548 2829 589 2885 et
611 2817 991 2906 delinquentibus:
1019 2817 1092 2884 No·

96 2917 178 2984 lite
207 2919 411 2985 exaltare
443 2941 581 2984 cornu.
605 2917 632 3006 ²)
686 2917 797 2982 Cornu
831 2919 955 3006 quippe
987 2914 1092 2982 delin-

96 3028 237 3109 quentes
259 3015 425 3098 exaltant,
447 3018 476 3082 si
497 3037 712 3104 nequaquam
734 3037 769 3080 se
792 3012 836 3078 ad
856 3013 1094 3102 poenitentiam

95 3141 140 3183 ex
163 3117 351 3200 cognitione
374 3139 454 3181 suae
477 3114 665 3199 iniquitatis
687 3112 870 3178 humiliant.
913 3111 1001 3178 Hinc
1018 3135 1093 3179 rur·

97 3239 170 3281 sum
197 3215 338 3282 dicitur:
378 3213 456 3280 Oor
491 3214 723 3281 contritum
758 3222 796 3277 et
826 3209 1093 3277 humiliatum

96 3313 219 3382 Deus
248 3337 330 3380 nou
362 3313 540 3399 spernit
565 3307 591 3400 3)
643 3311 804 3400 Quisquis
832 3313 919 3378 enim
954 3319 1092 3400 peccate

95 3408 241 3504 plangit,
264 3433 327 3478 nec
347 3421 458 3478 tamen
481 3411 616 3498 deserit,
637 3433 695 3480 cor
717 3410 847 3500 quidem
862 3413 1013 3498 conterit,
1033 3405 1093 3481 sed

133 3629 157 3702 ¹)
174 3633 247 3687 stra
259 3631 354 3688 morso.
373 3661 405 3672 -
425 3629 445 3702 ²)
463 3631 508 3686 rs.
526 3631 610 3703 uses.
630 3631 705 3701 ω»)
720 3631 764 3686 m.
783 3631 825 3702 co,
841 3630 885 3688 rs.
