2556 4150
416 760 557 861 rttt
592 765 859 864 tttotot
902 763 905 771 ’

160 934 184 1068 ζ’
272 978 380 1064 De
420 979 589 1068 vlta
635 979 1012 1090 pastoris.

519 1320 702 1386 OAPU'l
730 1321 756 1384 I.

139 1447 665 1522 laquisdregimenordinate
690 1457 917 1522 pervenerit,
944 1457 1139 1524 qualemsc

159 1554 163 1563 ·
275 1539 310 1592 in
337 1541 422 1606 ipso
449 1539 635 1607 regimine
659 1540 789 1594 debeat
816 1543 1000 1594 exhibere

156 1650 346 1744 Tantum
367 1674 540 1741 debett
486 1684 540 1741 act
541 1699 649 1742 ionem
660 1675 773 1764 populi
795 1678 881 1742 actio
896 1661 1135 1743 transcendere

136 1760 326 1857 Faesulis,
360 1784 524 1862 quantum
548 1771 673 1841 distare
697 1773 783 1841 solet
813 1797 833 1838 a
857 1797 959 1860 grege
983 1779 1053 1842 vita
1073 1799 1133 1862 pa·

137 1877 245 1948 storis.
291 1871 435 1960 Oportet
454 1896 614 1962 namque,
639 1885 676 1940 ut
696 1877 809 1941 metiri
831 1873 974 1941 sollicite
988 1874 1134 1958 studeat,

137 1985 267 2062 quanta
287 1972 452 2040 tenendae
476 1975 691 2046 rectitudinis
711 1977 910 2043 necessitate
934 1975 1136 2058 constringi-'

135 2084 206 2157 tur,
242 2072 304 2140 sub
326 2075 423 2160 cujus
445 2077 675 2144 aestimatione
703 2075 849 2164 populus
880 2097 963 2158 grex
986 2083 1137 2139 vocatur.

138 2172 189 2239 Sit
220 2197 299 2260 ergo
326 2195 462 2240 necesse
494 2187 545 2242 est
576 2177 780 2262 cogitatione
803 2173 968 2255 mundus,
1002 2175 1134 2239 actione

135 2276 358 2362 praecipuus,
393 2272 558 2339 discretus
587 2277 623 2364 in
653 2275 803 2354 silentio,
833 2271 924 2338 utilis
952 2274 984 2338 in
1018 2271 1133 2354 verbo,

135 2372 278 2459 singulis
307 2374 535 2457 compassione
562 2376 752 2457 proximus,
786 2393 870 2458 prae
898 2375 1024 2440 cunctis
1055 2395 1132 2438 con-

136 2471 352 2561 templatione
374 2493 573 2558 suspensus,
604 2470 691 2536 bene
713 2471 891 2556 agentibus
920 2493 979 2559 per
1002 2472 1135 2536 humili·

136 2583 239 2639 tatem
261 2571 389 2651 socius,
413 2579 529 2636 contra
552 2570 817 2658 delinquentium
839 2573 920 2636 vitia
942 2595 1001 2658 per
1022 2571 1135 2636 zelum

133 2671 287 2761 justitiae
310 2667 460 2752 erectus,¹
493 2671 699 2736 internorum
721 2691 833 2734 curam
861 2673 897 2737 in
929 2673 1134 2737 exteriorum

137 2769 354 2884 occupatione
376 2789 441 2833 non
462 2767 630 2852 minuens,
663 2771 866 2834 exteriorum
886 2771 1133 2857 providentiam

137 2872 174 2938 in
184 2873 393 2936 internorum
411 2865 634 2934 sollicitudine
646 2891 713 2936 non
726 2868 929 2956 relinquens.
953 2869 1020 2936 Sed
1035 2867 1132 2953 haec,

138 2992 227 3056 quae
248 2968 395 3034 breviter
417 2963 642 3033 enumerando
664 2969 940 3054 perstrinximus,
964 2968 1065 3054 paulo
1082 2967 1131 3034 lo-

137 3069 204 3134 tius
226 3065 421 3153 replicando
443 3065 656 3133 disseramus.

496 3247 691 3316 CAPUT
722 3250 768 3314 II.

290 3384 329 3434 Ut
351 3388 469 3438 rector
494 3383 725 3454 cogitatione
748 3384 797 3437 sit
819 3385 973 3439 mundus.

194 3520 317 3586 Rector
339 3541 469 3610 semper
494 3499 696 3607 cogitatione
718 3520 937 3606 simundus,
964 3529 1135 3606 quatenus

133 3617 231 3687 nulla
260 3617 347 3689 hunc
376 3619 586 3702 immunditia
615 3619 762 3707 polluat,
798 3619 855 3704 qui
887 3617 949 3685 hoc
982 3620 1131 3708 suscepit
