2554 4172
499 189 725 290 ...iffi-

65 384 67 388 ¹
102 360 295 448 perimunt,
320 368 359 422 'st
381 356 540 421 scientim
562 354 628 420 sibi
646 374 766 420 nomen
788 353 983 421 extendunt
1026 356 1111 422 Pars

101 458 260 527 vulorum
288 454 389 524 eorda
415 456 486 543 jum
517 453 558 519 de
580 453 677 519 verbi
707 455 921 542 conneptioue
951 455 1106 538 gravida,

103 560 237 625 esrom
257 554 370 641 gladio
393 552 565 634 scindunt,
590 564 624 618 et
644 553 744 639 quasi
762 551 935 618 doctrinae
953 552 1020 620 sibi
1035 555 1105 641 opi·

104 659 241 723 nissen
262 655 400 722 fuoiunt
443 652 513 718 Hos
535 671 615 735 ergo
643 673 716 716 curn
743 675 901 720 conamur
930 655 1106 738 instruere,

104 773 152 820 ne
175 769 336 841 perversu
349 752 511 832 sentiunt,
535 751 770 816 admoneamus
782 752 876 838 prius
889 775 1025 819 necesse
1043 763 1107 836 est,

105 865 152 918 ne
175 856 309 918 inanem
338 850 479 937 gloriam
511 860 684 937 quaerant.
728 849 765 916 Si
796 853 884 916 enim
911 851 1010 916 radix
1039 852 1106 917 elu-

104 953 210 1017 nonis
232 949 457 1031 abscinditur,
482 959 723 1034 consequenter
742 952 829 1015 rami
850 973 977 1036 pravao
999 971 1108 1017 asser·

106 1051 212 1116 tionis
234 1047 388 1115 arefiunt.
430 1045 636 1114 Admonendi
658 1058 735 1114 sunt
756 1051 873 1130 etiam,
906 1072 947 1114 ue
976 1071 1109 1117 errores

106 1149 363 1236 discordiasque
389 1145 592 1232 generando,
617 1147 725 1232 legem
753 1146 840 1231 Dei,
864 1170 952 1235 quse
984 1149 1108 1215 ideirco

106 1249 191 1314 data
214 1260 281 1330 est,
314 1258 351 1312 ut
372 1245 535 1313 sacrificia
564 1257 704 1312 satanae
733 1246 926 1333 prohibeat,
960 1248 1107 1314 eumdem

106 1351 219 1436 ipsam
253 1349 287 1412 in
317 1357 454 1412 satanae
489 1347 687 1412 sacrificium
721 1358 863 1413 vertant.
918 1348 1016 1414 Unde
1038 1368 1109 1436 per

108 1447 308 1536 prophetam
340 1446 506 1512 Dominus
541 1448 709 1534 queritur,
742 1446 872 1514 dicens:
909 1447 1017 1513 Dedi
1048 1450 1107 1514 eis

107 1548 378 1628 frumentun„
409 1548 549 1612 vinum
580 1547 794 1630 etoleunm
826 1558 1105 1632 etargcntum

107 1647 401 1732 multiplicavi
435 1648 498 1713 eis
528 1656 567 1710 et
587 1669 741 1729 aurum,
771 1669 880 1733 quae
908 1646 1108 1714 feceruut

107 1745 226 1815 Baal.
248 1745 273 1830 ¹)
316 1747 533 1810 Frumentum
555 1747 681 1830 quippe
704 1767 724 1810 a
746 1739 891 1811 Domino
918 1747 1108 1833 accipimus,

110 1844 245 1931 quando
268 1846 304 1916 in
325 1843 423 1909 dictis
446 1844 696 1910 obscurioribus
720 1844 882 1910 subducto
898 1848 1041 1930 tegmine
1053 1845 1108 1910 lit·

111 1952 206 2005 torae
231 1965 290 2028 per
312 1943 493 2022 medullam
516 1946 653 2030 spiritus
673 1943 774 2029 Legis
793 1945 923 2009 interna
941 1947 1108 2010 sentimus.

111 2042 234 2106 Vinum
258 2063 352 2106 suum
372 2041 536 2106 Dominus
559 2041 654 2107 nobis
675 2053 844 2128 praestat,
869 2065 942 2108 cum
961 2044 1108 2130 Scriptu-

110 2140 1107 2228 raemmmpmmmemmmmuomm

114 2259 246 2326 quoqne
269 2261 363 2305 suum
385 2240 482 2304 nobis
503 2239 632 2320 tribuit,
654 2259 728 2304 oum
751 2244 940 2328 praeceptis
962 2244 1106 2328 apertio·

110 2338 205 2404 ribus
226 2340 327 2404 vitam
354 2347 502 2404 nostram
530 2339 657 2408 blanda
683 2341 822 2406 lenitate
844 2341 999 2428 disponit.
1041 2343 1105 2409 Ar·

114 2447 249 2521 gentum
273 2438 492 2526 multiplicat,
524 2461 597 2504 cum
621 2439 715 2504 nobis
737 2440 810 2508 luce
832 2443 982 2508 veritatis
1003 2441 1105 2529 plena

114 2535 247 2622 eloquia
269 2535 508 2604 subministrat.
536 2536 629 2604 Auro
641 2561 772 2626 quoque
790 2542 956 2625 nosditut‚
973 2542 1106 2629 quando

113 2653 167 2700 cor
188 2645 336 2700 nostrum
358 2636 530 2704 intellectu
544 2640 660 2704 summi
676 2631 820 2724 fulgoris
834 2640 985 2707 irradiat.
1008 2641 1105 2723 Quae

56 2811 64 2826 ι
113 2746 232 2801 cuncta
253 2732 415 2802 haeretiei
435 2737 519 2802 Baal
542 2739 697 2821 offerunt,
721 2742 799 2824 quia
815 2740 906 2828 apud
917 2742 1106 2808 auditorum

115 2855 246 2900 suorum
266 2835 367 2901 corda
388 2847 543 2924 corrupte
556 2840 664 2904 omnia
674 2839 889 2923 intelligendo
901 2847 1106 2921 pervertunt.

115 2933 159 2998 Et
179 2935 220 2999 de
242 2935 405 3001 frumento
427 2937 510 3018 Dei,
544 2939 621 3001 vino
645 2947 747 3022 atque
769 2936 859 3017 oleo,
884 2948 1022 3021 argento
1044 2960 1105 3024 pa·

115 3033 197 3097 riter
219 3044 252 3096 et
273 3055 372 3116 auro,
405 3045 543 3099 satanae
573 3033 771 3098 sacrificium
799 3033 990 3117 immolant,
1025 3037 1105 3123 quia

116 3131 160 3198 ad
180 3153 323 3198 errorem
346 3134 533 3199 discordiae
555 3133 663 3197 verbe
685 3134 777 3220 pacis
799 3133 974 3200 inclinant.
1008 3137 1105 3203 Unde

119 3226 1167 3322 fflmmffimmmwmmmmwwmmm*

119 3389 402 3406 ffl———u

149 3475 168 3537 ¹)
187 3473 262 3528 Osee.
281 3473 313 3542 2,
338 3473 363 3530 8.
390 3506 422 3515 -
460 3477 479 3542 ²)
497 3477 562 3530 Alit.
580 3478 692 3547 debrist3
722 3481 779 3533 Vox
799 3486 838 3534 est
863 3495 895 3533 ex
924 3482 1104 3550 de-ebrio,

181 3563 301 3616 asceticis
320 3561 491 3632 scriptoribus
509 3566 611 3619 usitata.
