2556 4150
565 147 772 216 ..25..

165 327 236 382 tum
253 335 288 382 se
300 321 580 402 peccatoremque
595 310 770 400 inteiligit,
791 316 1013 400 coguitionem
1029 317 1172 387 intimae

168 413 328 480 ciaritstis
351 403 583 500 apprehendit.
627 411 664 478 Si
686 423 798 480 sutem
820 414 998 482 candorem
1022 415 1088 482 sibi
1111 419 1170 504 ju·

167 515 280 580 stitiae
312 525 371 579 seu
401 513 589 600 sapientiae
619 511 754 596 tribuit,
789 537 810 579 a
836 513 911 579 luce
938 537 975 580 se
997 535 1171 604 supernae

167 613 368 697 cognitionis
400 611 565 694 excludit,
595 621 628 677 et
651 633 690 678 eo
718 611 908 680 claritatem
929 616 1002 680 veri
1028 615 1171 684 luminis

164 724 382 802 nequaquam
404 719 575 797 pcnetrat3
606 732 673 797 quo
697 731 732 777 se
755 711 846 799 apud
868 734 903 777 se
925 735 985 800 per
1007 719 1171 800 arrogari

164 813 245 877 tiam
268 809 414 878 excitat:
441 810 528 877 sicut
549 809 590 875 de
614 809 814 896 quibusdam
836 811 971 878 dicitur:
1012 813 1166 880 Dicen·

165 919 230 978 tes
264 911 374 976 enim
405 929 447 976 se
482 931 577 976 csse
611 911 855 996 sapientes,
896 911 1022 977 stulti
1054 911 1167 980 facti

166 1019 272 1078 sunt.
293 1008 319 1095 ¹)
352 1009 472 1095 Jngem
494 1027 573 1076 vero
594 1008 698 1076 babet
719 1009 878 1092 scabiem,
902 1013 957 1076 cui
980 1012 1090 1077 earnis
1106 1034 1165 1100 pe·

164 1109 309 1176 tulantia
332 1110 402 1176 sine
416 1110 602 1175 cessatione
617 1109 815 1176 dominatur.
851 1110 893 1176 In
911 1109 1024 1176 scabie
1042 1113 1166 1178 etenim

163 1210 275 1276 fervor
296 1209 462 1274 viscerum
484 1209 528 1274 ad
548 1217 657 1276 cutem
679 1208 843 1292 trahitur,
865 1232 925 1298 per
949 1233 1048 1298 quam
1073 1220 1164 1278 recte

164 1309 301 1376 luxuria
323 1302 534 1392 designatum
557 1307 638 1394 quia
660 1310 689 1374 si
711 1308 822 1374 cordis
843 1311 1104 1396 tentatiousque
1118 1310 1164 1377 ad

163 1407 390 1495 operationem
412 1407 561 1492 prosilit,
584 1408 748 1471 nimirum
761 1407 874 1472 fervor
898 1408 1035 1474 intimus
1056 1432 1165 1497 usque

162 1506 205 1571 sd
236 1504 331 1573 cutis·
351 1503 496 1571 scabiem
524 1507 734 1592 prorumpit,
770 1516 802 1570 et
830 1505 913 1572 foris
941 1509 1007 1590 jam
1041 1531 1166 1594 corpus

164 1605 310 1690 sauciat3
338 1606 418 1693 quia
440 1602 518 1670 dum
539 1606 576 1669 in
603 1606 804 1688 cogitatione
830 1604 987 1692 voluptas
1019 1629 1088 1673 non
1109 1629 1163 1672 re·

161 1707 335 1795 primitur,
370 1706 469 1770 etiem
493 1705 528 1768 in
551 1703 680 1770 actione
702 1703 901 1770 dominatur.
946 1705 1054 1785 Quasi
1075 1709 1164 1773 enim

162 1809 248 1872 catis
274 1805 484 1894 pruriginem
510 1801 639 1869 Paulus
666 1801 808 1869 curabat
836 1801 1049 1888 abstergere,
1087 1825 1163 1869 cum

161 1904 307 1969 dicebat:
329 1904 532 1969 Tentatio
554 1923 627 1969 vos
650 1923 726 1968 non
748 1901 1053 1990 apprehendat,
1076 1902 1162 1968 nisi

161 2001 338 2068 humans
363 2000 404 2088 ²);
433 2023 474 2068 ac
496 2004 524 2068 si
553 2011 669 2088 aperte
696 2002 835 2068 diecret:
866 2002 1059 2067 Humanum
1090 2001 1160 2088 qui·

162 2101 236 2168 com
259 2111 311 2168 est
331 2103 547 2169 tentationem
568 2102 604 2167 in
621 2102 719 2167 corde
738 2103 885 2189 perpeti,
909 2101 1160 2166 daemoniacum

161 2223 242 2268 vero
265 2209 316 2268 est
342 2203 379 2268 in
408 2202 603 2268 tentationis
631 2203 810 2268 certamine
839 2213 872 2266 et
899 2203 935 2265 in
964 2202 1159 2284 operatione

162 2303 325 2390 superari.
376 2301 610 2387 Impetiginem
644 2319 776 2386 quoque
809 2299 912 2364 babet
942 2301 979 2363 in
1011 2319 1157 2387 corpore,

162 2401 473 2488 quisquisavaritia
494 2407 646 2464 vastatur
669 2400 704 2463 in
726 2408 846 2464 mente:
870 2419 957 2485 quae
979 2400 1008 2463 si
1029 2400 1064 2464 in
1077 2420 1157 2484 par·

158 2501 210 2566 vis
230 2521 299 2566 non
320 2499 555 2584 compescitur,
585 2497 740 2562 nimirum
764 2499 834 2563 sine
857 2519 1013 2563 mensura
1034 2497 1156 2562 dilata·

160 2606 223 2664 tur.
265 2598 429 2684 Impetigo
461 2597 587 2685 quippe
618 2597 690 2661 sine
720 2595 834 2662 dolore
861 2618 979 2685 corpus
1001 2603 1156 2685 occupat,

159 2708 193 2764 et
208 2696 336 2785 absque
352 2697 505 2784 occupati
517 2694 626 2761 taedio
649 2715 846 2762 excrescens
865 2696 1086 2762 membrorum
1099 2692 1156 2757 de·

160 2815 268 2864 eorem
289 2797 419 2880 foedat3
450 2796 529 2882 quia
553 2805 587 2861 et
611 2797 757 2862 avaritia
781 2798 870 2882 capti
887 2795 1053 2876 animum,
1075 2794 1156 2860 dum

160 2899 258 2984 qussi
279 2895 436 2978 delectat,
459 2893 644 2978 exulcerat3
664 2895 741 2961 dum
761 2894 982 2982 adipiscenda
999 2915 1154 2981 quaeque
1242 2935 1249 2953 t

159 2997 353 3080 cogitationi
375 2993 505 3082 objicit,
529 2991 572 3058 ad
593 2995 781 3060 inimicitias
804 2991 974 3076 accendit,
1005 3004 1039 3059 et
1060 2992 1153 3058 dolo·

158 3110 229 3160 rem
249 3097 284 3160 in
307 3094 448 3160 vulnere
471 3113 539 3160 non
559 3092 657 3176 facit,
682 3093 763 3180 quia
783 3095 952 3160 aestuanti
978 3094 1087 3158 animo
1109 3112 1153 3156 ex

158 3193 256 3282 calpa
282 3191 522 3266 abundantiam
549 3193 720 3280 promittit.
772 3189 838 3258 Sed
865 3191 965 3258 decor
989 3191 1153 3257 membro·

157 3305 230 3362 rum
255 3289 429 3380 perditur,
460 3293 541 3378 quia
567 3291 710 3358 aliarum
742 3313 873 3379 quoque
899 3293 1061 3358 virtutum
1089 3310 1153 3376 per

157 3381 247 3457 hene
267 3385 477 3478 pulchritudo
499 3389 716 3478 depravatur,
740 3401 772 3457 et
794 3392 891 3477 quasi
912 3400 1017 3460 totum
1030 3409 1153 3474 corpus

191 3614 212 3680 ¹>
231 3613 303 3669 nom.
323 3616 352 3684 1·,
368 3613 413 3671 et.
434 3637 463 3654 ·-
485 3611 505 3680 ²)
524 3612 548 3667 1.
567 3573 628 3668 ce.
645 3613 694 3682 ro,
712 3613 755 3670 13.
